2334 3788
409 113 580 171 anonimo
599 113 736 166 orrici.
1038 107 1080 173 73

69 257 254 323 diculariter
281 261 437 323 secantes.
483 255 596 322 oculus
623 277 702 320 uero
730 256 825 340 site,
852 278 872 319 a
899 277 963 339 quo
992 260 1081 321 reeta

70 386 165 450 super
189 368 335 430 centrum
362 363 535 429 coniuncta
562 363 731 427 adrectos
754 361 858 426 lineae
883 364 943 446 qd,
975 363 1015 426 ad
1038 363 1080 427 ab

68 493 146 536 uero
175 493 253 536 casu
285 471 440 557 angulum
468 469 647 554 contineat,
680 473 712 534 et
741 465 784 534 sit
810 489 848 535 ee
879 490 917 533 ee
953 490 1035 552 quae
1062 491 1081 532 a

70 574 180 644 centro
196 577 308 642 maior.
339 578 421 659 dico,
440 576 594 660 quoniam
606 575 792 659 inaequales
806 575 957 640 diametri
971 576 1024 661 ob,
1035 577 1083 658 φά

70 683 283 768 apparebunt,
312 688 344 749 et
367 683 509 749 maxima
532 682 661 767 quidem
681 685 742 768 qd,
769 682 904 747 minima
926 704 1005 746 uero
1028 681 1080 766 ab,
1117 691 1129 740 o

71 812 258 875 semperque
289 790 423 875 propior
454 790 607 855 minimae
638 788 812 854 remotiore
845 788 968 872 minor,
1002 789 1081 852 duae

70 902 200 963 tantum
232 897 381 963 diametri
413 897 563 981 aequales
596 898 798 981 apparebunt
830 896 1008 979 aequaliter
1038 895 1083 959 di-

72 1008 196 1068 stantes
220 1026 259 1069 ex
281 1008 418 1087 utraque
440 1008 533 1087 parte
556 1003 718 1068 minimae.
761 1003 914 1087 quoniam
937 1023 1015 1088 ergo
1037 1003 1085 1084 qd

70 1110 240 1193 utriusque
268 1110 324 1194 ab,
347 1130 384 1176 ez
411 1115 461 1175 est
488 1109 775 1195 perpendicularis,
808 1113 840 1174 et
868 1109 977 1174 omnia
1004 1129 1081 1194 ergo

73 1238 153 1300 quae
176 1239 234 1301 per
254 1218 302 1299 pet
324 1215 459 1300 ebipeda
482 1217 597 1280 educta
620 1215 649 1280 ei
672 1216 759 1299 quod
782 1238 840 1300 per
862 1236 912 1300 ec,
935 1216 978 1280 ab
1007 1220 1083 1281 sunt
1102 1223 1129 1272 1(

73 1325 250 1388 adrectos
296 1344 395 1408 quare
426 1318 475 1386 etl
481 1321 678 1387 subiacentis
702 1321 814 1386 circuli
837 1320 1022 1407 ebipedum,
1047 1321 1084 1385 in

74 1451 136 1513 quo
165 1433 215 1493 est
241 1429 295 1511 qd.
346 1429 495 1493 trahatur
523 1450 600 1514 ergo
630 1429 671 1492 ab
694 1450 710 1493 e
735 1431 857 1512 puncto
878 1450 984 1513 super
1011 1429 1084 1493 sub-

72 1536 180 1601 iacens
218 1535 388 1620 ebipedum
425 1536 589 1619 cathetus3
633 1557 730 1619 super
766 1557 970 1601 communem
1006 1556 1083 1620 ergo

74 1642 251 1708 sectionem
279 1642 488 1727 ebipedorum
516 1641 639 1708 scilicet
662 1642 706 1706 ub
734 1643 834 1706 cadet.
885 1642 978 1705 cadat
1006 1663 1083 1727 ergo

74 1754 107 1814 et
130 1749 174 1814 sit
197 1748 245 1833 ele,
267 1749 539 1832 protrahaturque
563 1748 721 1812 diametro
745 1747 856 1813 circuli
875 1748 1019 1831 aequalis
1038 1748 1085 1812 lm
1104 1757 1128 1804 11

74 1860 107 1920 et
130 1855 294 1920 diuidatur
315 1854 437 1920 induo
461 1877 565 1938 aequa
588 1855 628 1919 ad
650 1859 808 1938 punctum
826 1875 858 1939 n,
880 1858 913 1918 et
936 1852 1085 1918 trahatur

75 1984 94 2026 a
111 1965 233 2046 puncto
252 1981 275 2024 o
297 1964 404 2025 rectae
424 1961 472 2024 lm
493 1960 767 2045 perpendicularis
786 1965 876 2025 recta
893 1981 956 2044 ore,
979 1960 1084 2043 sitque

75 2090 113 2132 ea
135 2088 184 2132 osc
210 2072 317 2131 rectae
340 2087 378 2132 ea
404 2066 556 2150 aequalis.
601 2067 712 2149 itaque
741 2066 827 2131 cirea
850 2067 897 2131 lm
924 2066 1086 2150 descripta

76 2174 177 2239 sectio
201 2173 334 2239 ueniens
357 2195 416 2258 per
437 2195 460 2238 x
486 2173 591 2238 maior
614 2178 664 2238 est
686 2173 905 2259 semicirculo,
933 2173 1086 2257 quoniam

74 2285 164 2345 recta
191 2300 240 2345 oce
269 2278 372 2345 maior
400 2285 450 2345 est
476 2285 614 2364 utraque
641 2281 693 2366 ol,
715 2301 781 2345 cm.
837 2285 907 2345 esto
936 2280 1022 2364 trem,
1053 2283 1086 2344 et
1105 2290 1128 2338 a(

77 2387 315 2473 coniungantur
345 2386 395 2471 lec,
421 2408 487 2451 sm.
543 2386 598 2470 qui
626 2407 703 2471 ergo
732 2386 773 2451 ed
799 2408 822 2451 re
849 2386 986 2472 angulus
1014 2407 1087 2450 oon-

77 2497 187 2558 tentus
211 2494 272 2558 sub
296 2493 342 2577 lx,
364 2514 423 2558 xm
445 2493 543 2558 rectis
567 2493 710 2577 aequalis
735 2498 785 2558 est
808 2494 847 2578 ei,
870 2493 926 2576 qui
945 2496 994 2557 est
1013 2493 1088 2557 ade

76 2603 243 2683 punctum,
262 2602 415 2664 contento
435 2600 496 2664 sub
514 2621 530 2664 e
548 2604 581 2664 et
599 2620 625 2685 r,
641 2621 671 2684 p,
689 2602 717 2665 d.
755 2600 972 2665 constituatur
991 2599 1032 2663 ad
1049 2599 1088 2663 lo

78 2710 201 2771 rectam
224 2709 257 2770 et
278 2704 388 2789 ipsum
405 2725 428 2768 o
450 2709 605 2788 punctum
630 2706 768 2791 angulus
792 2704 935 2789 aequalis
959 2705 1088 2791 angulo,

151 2973 192 3022 15.
213 2967 361 3039 diametro]
381 2966 532 3037 diametro,
552 2969 615 3023 add.
636 2985 661 3036 s,
680 2968 718 3022 D.
756 2968 815 3039 Mp.
835 2987 869 3023 m.
889 2973 919 3022 1:
939 2966 1088 3036 ebipedum

77 3041 119 3112 qd
137 3040 174 3094 D.
249 3045 289 3094 17.
310 3040 339 3111 a]
359 3038 396 3105 ad
414 3041 451 3094 D.
525 3045 566 3094 21.
587 3038 719 3111 angulus]
738 3056 805 3095 corr.
825 3057 859 3095 ea
877 3039 994 3108 angulos
1013 3038 1051 3092 D.

80 3322 133 3392 γὰρ
157 3319 221 3393 οὖν,
251 3324 300 3377 sed
328 3321 380 3392 yolo
405 3324 472 3392 del„
500 3324 533 3379 V.
625 3322 698 3377 ἐστιν
722 3341 746 3377 v.
838 3327 862 3377 9.
891 3322 943 3394 τῷ]
971 3329 1026 3375 τῶν
1052 3338 1089 3375 nr.

116 3393 189 3449 ἐστιν
208 3413 233 3449 v.
318 3400 358 3449 14.
379 3393 500 3467 διήχθω]
519 3393 600 3464 ἤχθω
619 3413 644 3450 v.
727 3399 768 3448 19.
788 3395 880 3462 μεῖζον
898 3411 924 3447 v,
1005 3389 1089 3464 ἐστίν]

80 3481 133 3521 om.
153 3483 178 3520 v.
