2334 3788
73 115 94 180 3
420 116 590 168 ποοτῐοεε
609 116 746 170 οΡεΙοΑ.

74 269 132 344 της
150 259 215 324 ὑπὸ
231 262 329 324 ΓΕΒ
348 263 472 342 γωνίας
490 249 608 345 μείζων
626 259 726 325 ἐστίν.
761 262 879 344 μείζων
897 261 961 345 ἀρα
980 259 1092 343 ὀφθή-

75 383 167 432 σεται
195 367 216 451 ἡ
239 371 305 431 ΑΒ
334 376 392 451 τῆς
415 370 486 431 ΒΓ.
532 367 633 432 πάλιν
660 367 781 452 ὁμοίως
807 365 871 431 κάν
895 366 950 431 διὰ
977 375 1037 430 τοῦ
1062 369 1099 431 Γ

76 475 214 557 σημείου
238 483 277 559 τῇ
301 478 370 538 ΛΕ
395 474 605 559 παράλληλος
628 473 730 559 ἀχθῇ,
758 477 876 558 μείζων
904 472 1093 556 ὀφθήσεται

75 580 96 663 ἡ
117 583 184 644 ΒΓ
202 588 259 663 τῆς
283 583 353 644 ΓΛ.

40 683 57 732 5
565 668 603 734 ε’.

150 776 198 840 Τά
222 781 276 840 ίσα
299 773 423 858 μεγέθη
448 777 566 841 ἀνισον
589 777 781 859 διεστηκότα
805 778 903 841 ἀνισα
926 776 1096 860 φαίνεται,

77 880 132 947 καί
155 885 266 966 μεῖζον
289 879 399 946 ἀεὶτὸ
424 884 536 964 ἔγγιον
558 887 710 967 κείμενον
733 891 793 947 τοῦ
817 884 969 967 ὄμματος.

145 991 226 1053 ἔστω
251 989 312 1052 δύο
337 994 392 1053 ίσα
411 987 534 1073 μεγέθη
552 990 592 1052 τά
606 996 639 1054 Α
644 995 683 1073 Β,
698 993 769 1073 ΓΔ,

77 1097 165 1181 ὄμμα
194 1092 231 1160 δὲ
258 1098 339 1159 ἔστω
368 1096 405 1159 τὸ
428 1100 472 1179 Ε,
500 1094 558 1180 ἀφ’
585 1092 625 1161 οὗ
652 1098 771 1162 ἄνισον
816 1091 850 1149 1y

25 1216 60 1265 10
79 1200 287 1285 ἀιεστηκέτω,
317 1199 372 1266 καὶ
395 1205 476 1266 ἔστω
501 1205 612 1284 ἔγγιον
634 1204 671 1268 τὸ
695 1208 770 1267 ΑΒ.
814 1259 853 1320 A

79 1307 178 1391 λέγω,
208 1308 258 1372 ὅτι
286 1310 396 1391 μεῖζον
424 1312 604 1393 φανήσεται
632 1311 668 1374 τὸ
695 1314 770 1374 ΑΒ.

78 1413 372 1500 προσπιπτέτωσαν
399 1413 527 1491 ἀκτῖνες
550 1417 586 1480 αί
606 1421 683 1499 ΑΕ,
697 1421 772 1499 ΕΒ,

79 1524 152 1604 ΕΓ,
170 1526 247 1585 EA.
290 1519 357 1584 ἐπεὶ
378 1517 441 1586 οὗν
463 1523 504 1586 τά
525 1521 590 1586 ὑπὸ
613 1525 772 1606 μειζόνων

80 1638 213 1710 γωνιῶν
253 1628 404 1713 ὁρώμενα
442 1631 573 1712 μείζονα
609 1632 772 1713 φαίνεται,

29 1749 61 1797 15
80 1738 199 1819 μείζων
230 1730 266 1798 ἀέ
298 1737 402 1817 γωνία
434 1734 454 1817 ἡ
486 1735 551 1799 ὑπὸ
583 1740 683 1800 ΑΕΒ
716 1746 773 1819 τῆς

81 1841 146 1906 ὑπὸ
171 1844 281 1924 ΓΕΔ,
304 1845 422 1926 μείζων
441 1844 504 1928 ἀρα
523 1845 704 1926 φανήσεται
726 1841 782 1907 καὶ
805 1841 824 1924 ἡ
848 1846 914 1906 ΑΒ
937 1851 994 1923 τῆς
1018 1843 1094 1904 ΓΛ.

568 2019 609 2087 ς’.

155 2125 202 2188 Τά
228 2126 421 2210 παράλληλα
453 2136 520 2189 τῶν
548 2127 778 2210 διαστημάτων
807 2124 838 2203 ἔξ
867 2125 1097 2208 ἀποστήματος

84 2231 235 2317 ὁρώμενα
258 2230 459 2314 ἀνισοπλατη
483 2235 645 2315 φαίνεται.

30 2360 65 2410 20
152 2340 233 2402 ἔστω
258 2338 319 2401 δύο
342 2337 535 2422 παράλληλα
557 2337 680 2423 μεγέθη
699 2340 739 2402 τά
758 2343 834 2422 ΑΒ,
854 2342 925 2421 ΓΔ,
949 2340 1036 2422 ὄμμα
1058 2334 1095 2401 δέ

85 2447 167 2509 ἔστω
191 2444 228 2508 τὸ
250 2448 289 2508 Ε.
335 2441 434 2527 λέγω,
462 2443 513 2508 ὅτι
538 2445 578 2509 τά
600 2450 682 2529 ΑΒ,
702 2449 765 2510 ΓΛ
792 2445 994 2528 ἀνισοπλατίγ
1018 2447 1096 2527 φαί-

85 2574 190 2633 νεται,
216 2547 273 2614 καὶ
294 2552 404 2634 μεῖζον
428 2548 478 2616 ἀεὶ
500 2552 537 2616 τὸ
561 2554 674 2634 ἔγγιον
697 2552 859 2635 διάστημα
882 2560 942 2615 τοῦ
964 2551 1096 2635 πορρώ-

85 2681 191 2744 τερον.
227 2654 520 2742 προσπιπτέτωσαν
543 2656 671 2735 ἀκτῖνες
692 2660 729 2723 αί
744 2662 818 2741 ΕΒ,
836 2662 908 2742 ΕΖ,
927 2661 1002 2740 ΕΘ,
1021 2662 1097 2738 ΕΛ,

86 2767 165 2846 ΕΗ,
184 2766 261 2847 ΕΚ,
283 2760 339 2827 καὶ
363 2762 611 2847 ἐπεζεύχθωσαν
629 2765 758 2829 εὐθεῖαι
777 2766 814 2829 αί
830 2769 902 2846 BA,
923 2767 999 2846 ΖΗ,
1021 2766 1096 2827 ΘΚ.

30 2892 67 2943 26
87 2867 156 2934 ἐπεὶ
184 2865 246 2935 οὖν
274 2873 392 2954 μείζων
419 2868 510 2936 ἔστὶν
541 2872 561 2956 ἡ
588 2871 653 2937 ὑπὸ
682 2875 780 2936 ΒΕΔ
806 2874 911 2952 γωνία
942 2879 999 2953 τῆς
1030 2869 1097 2933 ὑπὸ

89 2980 195 3041 ΖΕΗ
208 2979 340 3060 γωνίας,
363 2980 481 3061 μείζων
504 2980 568 3063 ἀρα
585 2977 641 3042 καὶ
659 2977 679 3060 ἡ
695 2982 758 3042 BA
775 2987 833 3061 τῆς
848 2981 920 3041 ΖΗ
934 2978 1097 3062 φαίνεται.

160 3123 182 3169 1.
203 3117 296 3197 ΓΕΒ]
316 3120 402 3170 ΒΕΓ
417 3116 542 3184 BVn.t.‚v
569 3119 650 3170 ΕΓΒ
669 3116 747 3170 Vat.¹
753 3134 789 3169 m
861 3122 885 3170 2
906 3115 973 3186 κάν]
993 3113 1041 3169 καί
1059 3133 1096 3170 m

123 3193 147 3242 3
169 3189 245 3258 ἀχθ
248 3187 308 3258 ]1n
325 3205 379 3242 ras.
399 3188 432 3241 V.
524 3193 548 3241 6.
573 3185 684 3258 ἀνισον]
704 3204 771 3241 corr
792 3203 826 3240 ex
844 3184 949 3242 ἀνίσων
967 3205 993 3240 v.
1072 3192 1097 3240 7.

89 3259 197 3329 ἔγγειον
215 3209 248 3328 V,
268 3276 336 3313 corr.
355 3277 391 3312 m.
413 3264 436 3326 1,
455 3262 488 3313 ut
505 3257 554 3311 lin.
574 3263 615 3311 10.
680 3257 782 3326 ἀματος
800 3277 825 3312 v.
896 3263 936 3311 12
955 3258 1025 3329 ΑΕ]
1046 3261 1099 3311 ΕΑ

87 3331 211 3386 Βῑίειιηκ
312 3334 353 3385 15
381 3302 478 3399 ΑΕΒ]
506 3337 560 3383 τῶν
583 3332 663 3383 ΑΕΒ
691 3329 808 3384 Bvatv
831 3331 860 3382 et
881 3328 919 3397 V,
949 3329 999 3382 sed
1027 3344 1096 3382 corr.

124 3408 165 3456 16.
166 3401 253 3488 ἀρα]
278 3418 330 3455 om.
350 3417 385 3454 m.
468 3406 510 3454 22.
536 3399 642 3470 ἔγγειον
661 3400 694 3469 V,
719 3401 775 3453 sed
796 3417 863 3454 corr
948 3405 989 3454 23.
1013 3418 1050 3468 πρ
1053 3417 1099 3453 οσ-

88 3469 208 3526 πιπτέτω
226 3472 279 3525 Bv.
335 3473 398 3542 EA]
419 3474 476 3524 ΕΚ
492 3471 545 3526 Bv
604 3478 645 3525 24.
666 3473 737 3542 ΕΚ]
757 3475 809 3525 EA
826 3471 879 3523 Bv.
935 3476 976 3526 25.
997 3420 1053 3524 ἔστί
1071 3488 1098 3525 v.
