2334 3788
82 118 126 183 30
421 119 592 172 EUOLIDIS
610 120 748 173 OPTIGA.

84 267 155 328 ΓΘ.
193 262 261 328 ἐπεὶ
285 259 347 329 οὖν
364 260 619 349 προσπέπτωκεν
638 261 730 339 ἀκτὶς
748 263 768 346 η
788 266 861 328 ΓΗ
878 261 934 328 καὶ
953 262 1098 329 ἀντανα-

82 368 256 434 κίκλασται
283 371 304 455 η
332 374 421 454 HA,
453 369 535 455 πρὸς
563 375 636 445 ἴσας
662 373 788 451 γωνίας
813 369 1098 454 ἀνακεκλασμέναι

83 478 179 558 εἰσίν,
204 477 248 552 ὡς
266 476 303 541 ἐν
321 488 391 553 τοῖς
409 479 650 561 Κατοπτρικοῖς
668 474 809 557 λέγεται·
833 482 887 559 ἴση
906 478 970 562 άρα
988 480 1098 559 γωνία

83 581 103 665 ἡ
126 583 192 648 ὑπὸ
216 587 320 648 ΓΗΘ
347 593 387 669 τῇ
408 582 475 647 ὑπὸ
498 585 614 647 ΑΗΒ.
655 581 739 646 ἀλλά
766 580 823 647 καὶ
849 583 870 666 ἡ
897 582 963 647 ὑπὸ
986 587 1101 648 ΑΒΗ

48 698 123 774 στῇ
145 688 211 753 ὑπὸ
231 692 338 754 ΓΘΗ
358 694 425 772 ἴση·
452 686 508 752 καῖ
533 689 630 771 λοιπὴ
654 690 718 785 άρα
740 687 761 770 ἡ
784 688 849 753 ὑπὸ
868 692 973 753 ΗΓΘ
996 694 1096 776 λοιπῇ

83 805 123 881 τῇ
142 795 206 859 ὑπὸ
225 798 326 860 ΗΑΒ
351 794 442 860 ἐστιν
460 796 523 877 ἴση.
561 795 739 876 ἰσογώνιον
762 796 825 881 άρα
844 793 913 859 ἐστὶ
931 796 968 860 τὸ
988 799 1095 859 ΑΗΒ

83 905 249 988 τρίγωνον
271 911 316 989 τῷ
341 904 444 965 ΓΗΘ
466 901 627 988 τριγώνῳ.
666 911 734 966 τῶν
757 898 794 965 δὲ
817 903 1004 983 ἰσογωνίων
1027 925 1097 986 τρι-

83 1008 203 1091 γώνων
226 1007 391 1088 ἀνάλογόν
418 1013 503 1072 εἰσιν
530 1008 568 1071 αί
591 1010 741 1092 πλευραί.
786 1010 876 1072 ἔστιν
899 1009 979 1092 άρα,
1007 1006 1097 1089 ὡςὴ

85 1118 149 1179 ΓΘ
171 1115 254 1201 πρὸς
276 1114 337 1196 την
362 1116 440 1195 ΘΗ,
464 1112 570 1188 οὕτως
592 1112 612 1194 ἡ
632 1117 697 1177 ΑΒ
720 1113 803 1199 πρὸς
826 1115 887 1196 τὴν
905 1116 982 1177 ΒΗ
1020 1111 1095 1177 ἀλλ’

32 1234 66 1283 10
85 1221 102 1287 ὁ
126 1230 184 1305 της
207 1223 271 1284 ΓΘ
297 1221 380 1305 πρὸς
402 1221 463 1303 την
488 1223 561 1284 ΘΗ
579 1222 677 1301 λόγος
700 1217 769 1284 ἐστὶ
791 1220 970 1304 γνώριμος·
999 1217 1054 1284 καὶ
1077 1219 1097 1285 ὁ

84 1336 141 1411 της
159 1331 221 1391 ΒΑ
244 1328 308 1412 άρα
330 1327 413 1411 πρὸς
435 1328 497 1410 την
514 1329 588 1391 ΒΗ
607 1328 704 1407 λόγος
722 1323 792 1390 ἐστὶ
810 1326 984 1410 γνώριμος.
1020 1324 1095 1390 ἀλλ’

84 1433 104 1516 ἡ
128 1437 197 1498 ΗΒ
221 1432 290 1498 ἐστι
313 1434 486 1517 γνώριμος.
531 1430 587 1496 καὶ
609 1431 629 1514 ἡ
653 1436 718 1496 ΑΒ
742 1433 805 1516 άρα
829 1430 898 1496 ἐστὶ
920 1434 1096 1517 γνώριμος.

568 1633 610 1673 κ.

156 1718 204 1783 Τὸ
228 1713 332 1782 δοθὲν
355 1717 462 1800 βάθος
484 1727 624 1799 γνῶναι,
648 1718 789 1798 πηλίκον
812 1715 912 1780 ἐστίν.

32 1836 66 1885 16
151 1827 233 1889 ἴστω
257 1825 293 1889 τὸ
318 1820 422 1888 δοθὲν
443 1822 551 1906 βάθος
573 1823 609 1887 τὸ
629 1827 705 1905 ΑΛ,
729 1824 817 1906 ὄμμα
840 1819 877 1885 δὲ
895 1823 977 1885 ἔστω
998 1821 1035 1884 τὸ
1055 1825 1095 1904 E,

84 1928 139 1995 καὶ
158 1930 236 1995 θέον
250 1931 286 1995 τὸ
301 1929 408 2013 βάθος
421 1940 557 2011 γνῶναι,
575 1931 715 2011 πηλίκον
735 1927 833 1992 ἐστίν.
864 1925 1095 2013 προσπιπτέτω

83 2039 148 2124 γάρ
167 2047 207 2123 τῇ
225 2039 299 2114 ὄψει
321 2035 418 2118 ἡλίου
437 2033 529 2111 ἀκτὶς
546 2034 566 2117 ἡ

84 2149 152 2208 ΕΔ
176 2142 412 2226 συμβάλλουσα
434 2152 479 2229 τῷ
500 2142 567 2206 ἑπι-

83 2248 173 2337 πέδῳ
201 2250 283 2313 κατὰ
310 2249 347 2312 τὸ
376 2252 404 2312 Β
431 2259 567 2332 σημεῖον

31 2369 66 2418 20
84 2354 140 2421 καὶ
168 2365 213 2444 τῷ
236 2355 336 2439 βάθει
358 2357 439 2419 κατὰ
464 2356 500 2419 τὸ
524 2359 566 2418 Δ.

84 2460 140 2527 καῖ
172 2464 470 2547 προσεκβεβλήσθω
502 2460 565 2525 άπὸ

85 2577 145 2634 τοῦ
168 2573 197 2634 Β
221 2566 270 2633 ἐπ’
292 2568 425 2645 εὐθείας
452 2568 472 2650 ἡ
494 2572 522 2632 Β
529 2572 566 2649 Ζ,

84 2674 140 2740 καὶ
166 2677 261 2760 ἤχθω
287 2675 350 2741 ἀπὸ
374 2685 433 2740 τοῦ
456 2680 488 2739 Ε
514 2673 567 2739 ἐπὶ

85 2784 147 2867 τὴν
173 2786 236 2847 ΒΖ
264 2783 400 2848 εὐθεῖαν
426 2781 567 2857 κάθετος

621 2323 662 2383 Α

618 2729 652 2780 Δ

31 2901 66 2952 25
85 2888 106 2972 ἡ
124 2894 197 2954 ΕΖ.
234 2887 304 2954 ἐπεὶ
322 2885 384 2954 οὖν
402 2893 456 2971 ἴση
479 2892 584 2969 γωνία
602 2888 622 2971 ἡ
641 2889 706 2954 ὑπὸ
725 2894 822 2953 ΕΖΒ
846 2899 886 2975 τῇ
904 2889 968 2954 ὑπὸ
988 2893 1096 2971 ΒΑΔ,

86 2996 169 3061 ἀλλὰ
192 2994 247 3060 καλ
269 2995 289 3078 η
313 2995 378 3059 ὑπὸ
397 2998 497 3059 ΑΒΔ
520 3005 559 3081 τῇ
581 2994 646 3059 ὑπὸ
666 3000 774 3078 ΕΒΖ,
797 2994 851 3061 καὶ
874 2995 894 3077 ἡ
918 2999 1011 3080 τρίτη
1031 2997 1096 3081 άρα

84 3103 106 3186 η
128 3103 194 3169 ὑπὸ
217 3105 314 3166 ΒΕΖ
337 3109 377 3184 τῇ
399 3098 465 3163 ὑπὸ
488 3103 587 3163 ΑΛΒ
612 3099 702 3164 ἐστιν
726 3107 788 3183 ἴση.
831 3101 1008 3181 ἰσογώνιον
1031 3102 1096 3184 άρα

86 3208 155 3275 ἐστὶ
182 3210 219 3274 τὸ
247 3210 346 3272 ΑΛΒ
376 3209 541 3291 τρίγωνον
568 3215 614 3292 τῷ
643 3210 739 3270 ΒΕΖ
771 3208 932 3293 τριγώνῳ.
978 3205 1033 3271 καὶ
1062 3207 1100 3270 αί

157 3408 181 3456 1.
200 3397 406 3456 ἀνακέκλασται
424 3399 470 3453 Bv
489 3400 518 3451 et
535 3397 609 3465 Vah„
629 3398 678 3451 sed
697 3414 779 3466 corr.;
799 3395 1041 3453 ἀντανακέκλαται
1059 3417 1096 3452 m.

121 3478 145 3528 4.
168 3473 266 3546 ΓΗΘ]
281 3471 311 3525 in
325 3487 379 3526 ras.
389 3489 425 3525 m.
482 3475 506 3523 ὅ.
525 3469 619 3540 λοιπή]
634 3469 733 3524 λοιπόν
743 3470 797 3525 Bv.
852 3471 947 3541 λοιπῇ]
962 3466 1055 3524 λοιποί
1069 3487 1096 3539 v,
