2324 3788
115 147 158 213 66
458 149 631 201 αοοιωιο
650 149 787 201 οΡτιοι.

183 295 264 358 ἔστω
291 292 411 369 κύκλος
434 292 452 358 ὁ
467 295 609 375 ΑΒΓΔ,
632 290 688 356 καὶ
706 293 866 375 ἤχθωσαν
884 278 946 357 δύο
960 290 1133 378 διάμετροι

117 402 153 465 αί
170 406 202 464 A
209 403 245 483 Γ,
262 403 326 464 ΒΔ
348 398 525 485 τέμνουσαι
549 399 691 482 ἀλλήλας
712 399 796 485 πρὸς
819 397 926 483 ὀρθὰς
943 400 1026 463 κατὰ
1045 400 1084 463 τὸ
1103 404 1135 464 Ε

117 519 267 592 σημεῖον,
297 505 352 572 καλ
375 506 395 589 η
420 488 483 571 ἀπδ
503 515 563 571 τοῦ
581 511 613 570 Ε
634 509 771 590 σημείου
795 503 993 590 ἀναγομένη,
1017 504 1073 591 ἐφ’
1094 502 1133 589 ἧς

116 614 153 679 τὸ
186 616 274 699 ύμμα
305 625 423 696 κεῖται,
455 612 475 695 ἡ
509 618 573 677 ΖΕ

81 723 193 806 ὀμήτε
230 721 313 806 πρὸς
347 719 453 805 ὀρθὰς
489 723 571 785 ἔστω

117 837 161 916 τῷ
186 825 329 914 ἐπιπέδῳ
352 827 432 910 μήτε
457 832 510 909 ίση
531 835 571 912 τῇ

117 933 152 999 ἐκ
170 942 230 999 τοῦ
244 932 384 1018 κέντρου
403 933 482 1016 μήτε
500 937 573 1008 ίσας

117 1043 240 1124 γωνίας
267 1037 463 1125 περιέχουσα
492 1040 572 1123 μετὰ

101 1158 185 1213 ’τῶν
221 1153 254 1211 A
264 1149 306 1229 Γ,
338 1150 415 1209 ΛΒ.
476 1142 571 1228 λέγω,
640 1190 652 1237 l

65 1263 99 1312 10
118 1255 169 1321 ὅτι
186 1256 296 1319 ίίνισοι
313 1251 522 1336 ὀφθησονται
537 1252 575 1315 αί

117 1364 192 1443 ΑΓ,
210 1362 276 1422 ΔΒ
296 1358 472 1444 διάμετροι.
501 1357 571 1423 ἑπε-

119 1468 310 1550 ζεύχθωσαν
341 1465 403 1550 γὰρ
437 1465 474 1528 αί
500 1467 570 1547 ΖΓ,

119 1578 199 1656 ΖΑ,
220 1577 296 1654 ΖΔ,
316 1574 386 1634 ΖΒ.
436 1571 509 1653 ύτοι
532 1566 594 1636 οὖν
617 1572 735 1654 μείζων
758 1568 848 1634 ε’στλν
871 1570 891 1654 η
914 1574 978 1634 ΕΖ
1006 1579 1064 1654 τῆς
1096 1570 1128 1636 ἐκ

118 1688 178 1745 τοῦ
204 1677 344 1765 κέντρου
371 1675 391 1759 ἢ
420 1675 576 1741 ἐλάσσων.
631 1677 687 1740 διὰ
714 1684 817 1741 ταῦτα
845 1677 886 1759 δη
913 1677 987 1759 ἤτοι
1012 1680 1128 1761 μείζων

66 1795 99 1844 15
119 1785 208 1853 ἐστίν
239 1786 260 1869 ἡ
291 1785 357 1850 ὑπὸ
384 1789 465 1868 ΔΖ,
489 1789 551 1848 ΖΒ
586 1792 643 1866 της
674 1783 738 1848 ὑπὸ
768 1786 842 1866 ΓΖ,
867 1787 932 1847 ΖΑ
959 1782 980 1866 ἣ
1013 1783 1033 1867 ἡ
1066 1784 1126 1849 ὑπὸ

118 1906 185 1960 τῶν
213 1896 291 1976 ΓΖ,
316 1897 382 1956 ZA
413 1899 471 1974 τῆς
498 1890 563 1954 ὑπὸ
586 1894 667 1972 ΔΖ,
690 1894 766 1972 ΖΒ,
799 1890 843 1966 ὡς
871 1887 944 1973 ἑξῆς
972 1888 1127 1975 δείξομεν.

119 2003 229 2067 ἄνισοι
252 2001 316 2085 ύρα
340 2000 377 2063 αί
398 1997 567 2082 διάμετροι
591 1995 809 2080 ὀφθησονται.

550 2196 696 2276 Λῆμμα.

176 2316 284 2381 Ἔστω
303 2317 433 2399 κύκλος,
457 2312 497 2381 οὗ
515 2313 653 2402 κέντρον
671 2319 752 2381 ἔστω
772 2317 808 2381 τὸ
823 2322 856 2380 A
874 2328 1021 2401 σημεῖον,
1045 2320 1130 2402 ὄμμα

68 2431 102 2481 20
121 2421 158 2487 δὲ
181 2424 218 2487 τὸ
241 2426 285 2505 Β,
308 2420 367 2506 ἀφ’
390 2418 429 2487 οὗ
454 2420 506 2488 έπλ
528 2424 587 2487 τὸν
610 2424 733 2488 κύκλον
755 2423 896 2499 κάθετος
918 2423 1064 2508 ἀγομένη
1087 2425 1128 2509 μὴ

119 2528 260 2595 πιπτέτω
286 2527 337 2593 ἐπὶ
360 2530 397 2593 τὸ
420 2527 557 2615 κέντρον
581 2530 617 2593 τὸ
642 2536 684 2612 Α,
708 2528 779 2593 ἀλλ’
801 2529 902 2613 ἐκτός,
925 2528 981 2595 καλ
1005 2534 1088 2596 ἔστω
1111 2528 1129 2612 η

120 2638 197 2719 ΒΓ,
229 2632 284 2698 καλ
312 2634 495 2719 ἐπεζεύχθω
519 2635 665 2700 ἀπὸτοῦ
689 2641 721 2699 Α
749 2633 801 2700 έπλ
823 2636 861 2700 τὸ
886 2638 918 2700 Γ
940 2634 960 2717 ἡ
985 2640 1058 2701 ΛΓ
1079 2633 1131 2701 καλ

121 2741 184 2806 ἀπὸ
208 2749 268 2805 τοῦ
291 2746 324 2804 A
351 2739 404 2805 ε’πὶ
426 2742 463 2805 τὸ
486 2746 514 2804 Β
542 2742 562 2825 ἡ
586 2745 661 2806 ΑΒ.
712 2739 810 2825 λέγω,
843 2742 893 2807 ὅτι
920 2753 1038 2808 πασῶν
1066 2753 1131 2808 τῶν

120 2857 255 2930 γωνιῶν
276 2857 344 2911 τῶν
367 2846 608 2933 περιεχομένων
630 2847 695 2913 ὑπὸ
719 2860 786 2913 τῶν
809 2849 865 2912 διὰ
883 2857 943 2913 τοῦ
963 2854 996 2912 A
1019 2850 1130 2932 διαγο

67 2963 103 3012 25
123 2952 232 3039 μένων
264 2953 407 3018 εὐθειῶν
437 2951 492 3017 καὶ
523 2954 692 3019 ποιουσῶν
723 2956 806 3041 πρὸς
838 2964 877 3041 τῇ
910 2960 978 3020 AB
1017 2956 1131 3043 εὐθείᾳ

120 3063 247 3144 γωνιάν
276 3059 428 3142 ἐλαχίστη
456 3057 546 3124 ἐστὶν
578 3059 597 3142 ἡ
625 3061 690 3126 ὑπὸ
720 3072 788 3126 τῶν
817 3064 889 3143 ΓΑ,
913 3066 946 3124 A
952 3066 990 3126 Β.
1036 3064 1130 3147 ἤχθω

193 3297 216 3343 2.
236 3286 384 3357 τέμνουσιν
402 3289 475 3355 δῖοί,
501 3287 549 3340 sed
569 3303 636 3341 corr.
728 3294 752 3343 3.
774 3286 947 3360 ἀναγομένη]
967 3289 1045 3358 prius
1065 3311 1084 3344 α
1101 3289 1130 3342 in

120 3376 173 3414 ras.
194 3361 226 3414 V.
313 3367 337 3415 4.
360 3361 500 3484 ZE]VEZ
518 3358 614 3413 Βοῶν,
697 3365 738 3414 11.
758 3362 823 3432 AB]
842 3366 891 3414 BA
909 3360 1007 3416 Vat.v.
1089 3366 1128 3414 13.

124 3434 178 3498 ΖΔ,
196 3432 256 3501 ΖΒ]
278 3435 335 3499 ΖΒ,
353 3435 399 3485 ΖΔ
444 3433 512 3485 αλια.
569 3432 661 3498 μεῖζον
676 3448 701 3485 v,
758 3437 798 3487 14.
816 3429 935 3486 ἐλάττων
949 3450 975 3487 v.
1030 3432 1129 3502 ταῦτα]

114 3500 152 3551 τα
167 3500 245 3554 αὐτοί
265 3502 328 3558 Vm.
395 3508 436 3558 15.
456 3506 520 3572 ΔΖ,
537 3503 599 3574 ΖΒ]
618 3506 699 3556 ΔΖΒ
717 3502 839 3572 Vat.¹m‚
859 3519 874 3557 e
893 3518 961 3558 corr.
980 3503 1014 3559 V.
1071 3507 1130 3570 PZ,
