2334 3788
73 155 136 220 156
281 156 493 209 OPTICORUM
510 155 688 208 RECENSIO
706 155 872 208 THEONIS.

553 343 595 382 α.

140 421 248 490 Οὐδὲν
271 435 339 489 τῶν
362 423 539 510 ὁρωμένων
562 424 628 508 ἅμα
652 423 731 488 ὅλον
754 422 880 509 ὁρᾶται.

138 535 220 597 ἔστω
244 532 306 617 γὰρ
330 531 499 616 ὁρώμενόν
517 553 549 595 τι
568 532 605 595 τὸ
623 535 700 614 ΑΛ,
723 531 810 614 ὄμμα
830 526 867 594 δὲ
885 531 967 594 ἔστω
986 530 1023 594 τὸ
1044 533 1084 613 Β,

71 637 130 724 ἀφ’
152 636 192 704 οὗ
215 636 509 724 προσπιπτέτωσαν
532 639 624 715 ὄψεις
651 638 689 701 αἱ
710 640 786 720 BA,
811 639 884 720 BF,
908 639 987 719 RK,
1011 640 1084 700 BA.

37 764 52 812 ο
72 746 196 810 οὐκοῦν
220 743 289 810 ἐπεὶ
312 744 349 809 έν
372 746 567 828 διαστήματι
586 742 745 830 φέρονται
765 745 802 808 αἱ
817 745 1085 828 προσπίπτουσαι

72 853 178 936 ὄψεις,
212 851 273 916 οὐκ
306 850 348 916 ἂν
379 854 617 937 προσπίπτοιεν
647 861 796 934 συνεχεῖς
826 850 910 935 πρὸς
942 850 978 913 τὸ
1009 853 1089 912 ΑΔ.

73 960 155 1024 ὥστε
183 958 313 1042 γένοιτο
343 957 384 1023 ἂν
411 956 467 1022 καὶ
494 959 575 1022 κατὰ
602 959 640 1022 τὸ
663 962 730 1021 ΑΛ
758 957 978 1040 διαστήματα,
1005 955 1090 1039 πρὸς

73 1065 93 1130 ἃ
117 1067 154 1130 αλ
173 1067 266 1143 δήεις
284 1066 324 1130 οὐ
342 1073 617 1150 προσπεσοῦνται.
655 1064 716 1128 οὐκ
734 1065 798 1149 ἄρα
816 1063 1003 1147 ὀφθήσεται
1022 1063 1089 1145 ἅμα

74 1174 154 1238 ὅλον
176 1173 213 1237 τὸ
236 1177 312 1236 ΑΛ.
353 1173 446 1236 δοκεῖ
466 1167 503 1234 ὃέ
526 1170 670 1256 ὁρᾶσθαι
694 1172 760 1253 ἅμα
783 1180 850 1234 τῶν
873 1170 983 1246 ὄψεων
1006 1168 1089 1250 ταχὺ

22 1295 55 1343 10
74 1277 366 1365 παραφερομένων.

148 1477 227 1536 Τῶν
260 1477 342 1536 λ’σων
373 1477 526 1555 μεγεθῶν
558 1469 595 1535 έν
628 1471 825 1554 διαστήματι
857 1467 1017 1554 κειμένων
1049 1470 1091 1533 τὰ

76 1583 189 1662 ἔγγιον
211 1582 343 1662 κείμενα
367 1575 601 1663 ἀκριβέστερον
624 1576 749 1662 ὁρᾶται.

97 1713 100 1718 ·
143 1688 225 1749 ἔστω
249 1685 336 1768 ὄμμα
359 1680 420 1768 μέν
442 1685 479 1748 τὸ
503 1688 546 1767 Β,
570 1683 739 1769 ὁρώμενον
767 1678 804 1746 δὲ
827 1683 863 1746 τὸ
888 1685 949 1747 ΓΛ
972 1681 1027 1747 καὶ
1050 1684 1088 1746 τὸ

23 1808 57 1857 15
77 1796 157 1858 ΚΛ·
180 1794 243 1878 χρή
267 1789 304 1856 δὲ
326 1802 418 1856 νοεῖν
441 1791 524 1856 αὐτὰ
548 1797 602 1855 λσα
620 1788 676 1855 καὶ
694 1789 897 1875 παρολλλήλα,
921 1791 1033 1871 ἔγγιον
1052 1786 1089 1853 δὲ

75 1903 157 1964 ἔστω
172 1900 209 1964 τὸ
220 1901 294 1963 ΓΛ·
308 1896 364 1962 καὶ
374 1895 667 1983 προσπιπτέτωσαν
679 1899 772 1974 δήεις

77 2007 120 2083 ὡς
144 2007 181 2070 αλ
200 2008 273 2089 ΒΓ,
292 2010 364 2087 ΒΛ,
384 2008 460 2087 RK,
479 2009 550 2070 BA.
588 2004 709 2089 οὐγὰρ
729 2003 771 2069 ἂν
822 1985 866 2044 K·
1027 1976 1091 2169 β

76 2119 236 2196 εἴποιμεν,
269 2112 314 2188 ὡς
340 2113 377 2175 αἱ
398 2111 461 2176 ἀπὸ
489 2120 548 2174 τοῦ
571 2115 599 2174 Β
628 2112 772 2195 ὄμματος
826 2145 854 2203 Γ

76 2220 158 2304 πρὸς
172 2219 208 2282 τὸ
223 2221 258 2281 Κ
261 2222 292 2283 Λ
309 2221 573 2302 προσπίπτουσαι
587 2218 679 2294 ὄψεις
698 2217 770 2302 [ὡς]

24 2342 58 2392 20
77 2325 134 2389 διὰ
166 2336 232 2388 τῶν
265 2326 307 2406 Γ,
335 2329 369 2386 Δ
399 2327 543 2406 σημείων
573 2321 771 2388 ἐλεύσονται.

78 2430 180 2515 ήγαρ
200 2429 241 2494 ἂν
260 2431 425 2515 τριγώνου
444 2437 503 2493 τοῦ
523 2432 666 2494 ΒΛΛΚ
670 2433 729 2493 ΓΒ
750 2429 770 2513 ή

78 2542 147 2603 ΚΛ
183 2539 301 2620 μείζων
335 2535 377 2600 ἂν
412 2529 455 2617 ἦν
486 2545 544 2618 τής
576 2538 654 2599 ΓΛ·
690 2537 770 2601 ὑπό-

78 2666 181 2709 κειται
205 2639 242 2706 δὲ
259 2640 314 2706 καὶ
334 2647 397 2724 ἴση.
434 2641 558 2706 οὐκοῦν
577 2643 613 2706 τὸ
636 2645 698 2708 ΓΔ
715 2644 780 2709 ὑπὸ
798 2649 962 2711 πλειόνων
981 2647 1091 2723 ὄψεων

80 2751 195 2836 ὁρᾶται
218 2750 300 2834 ήπερ
324 2750 361 2813 τὸ
385 2752 462 2813 ΚΛ.
505 2747 738 2836 ἀκριβέστερον
761 2753 825 2836 ἄρα
848 2754 1029 2837 φανήσεται
1053 2754 1090 2817 τὸ

27 2874 60 2923 25
81 2861 141 2923 ΓΛ
164 2865 223 2920 τοῦ
246 2859 318 2919 ΚΛ.

956 2487 989 2543 B

589 2943 598 2967 Ι

565 2969 585 3027 γ
600 2995 607 3008 .

138 3051 300 3117 Ἕκαστον
318 3063 385 3116 τῶν
404 3049 581 3137 ὁρωμένων
600 3054 664 3135 ἔχει
683 3076 714 3116 τι
732 3062 834 3135 μῆκος
854 3053 1090 3138 ἀποστήματος,

81 3157 121 3225 οὗ
145 3162 323 3242 γενόμενον
347 3156 456 3222 οὐκέτι
479 3158 603 3243 ὁρᾶται.

153 3305 176 3352 6.
201 3295 399 3365 προσπίπτειεν
418 3314 443 3350 τ.
522 3302 545 3350 7.
565 3295 628 3368 καί]
649 3297 702 3353 del.
722 3317 758 3352 m.
777 3314 831 3353 rec.
850 3299 883 3354 V.
967 3305 1008 3354 12.
1029 3302 1091 3354 δια-

82 3370 199 3438 στήμασι
217 3387 252 3421 m.
272 3384 325 3422 rec.
345 3368 377 3421 V.
468 3366 537 3422 Post
560 3367 695 3436 κειμένων
719 3370 782 3423 add.
803 3368 910 3432 ἀνίσοις
928 3389 963 3425 m.
984 3388 1037 3425 rec.
1057 3373 1090 3426 V.

118 3446 159 3493 13.
181 3439 288 3508 ἔγγειον
306 3438 340 3507 V,
361 3455 428 3493 corr.
443 3456 479 3492 m.
494 3455 546 3492 ree.
604 3445 644 3493 14.
666 3440 810 3509 ὁρώμενον
829 3460 864 3496 m.
885 3458 938 3495 rec.
958 3443 991 3496 V.
1048 3448 1090 3496 15.

67 3509 182 3575 εὔγειον
206 3511 232 3578 V,
255 3527 325 3564 corr.
346 3527 383 3564 m.
402 3525 457 3565 rec.
542 3514 584 3566 18.
604 3510 648 3583 oti}
666 3528 720 3566 om.
736 3531 766 3581 ρ.
844 3517 886 3567 19.
905 3512 951 3582 τόή
968 3529 1036 3567 corr.
1058 3529 1091 3567 ex
