2334 3788
102 131 147 196 46
443 135 614 186 EUCLIDIS
633 134 771 186 0ch.

103 285 143 361 τῇ
171 279 298 363 σφαίρᾳ
325 276 518 363 διαμέτρου,
551 275 610 362 ἀφ’
636 273 677 342 οὗ
704 279 864 361 ἤχθωσαν
892 275 1120 360 ἐφαπτόμεναι

103 384 141 447 αλ
159 387 238 466 ΑΒ,
255 386 324 448 ΕΓ
341 386 379 449 αί
399 382 496 449 αὐταὶ
518 382 573 449 καὶ
596 384 733 460 ἀκτῖνες.
779 382 879 466 λέγω,
902 381 952 447 ὅτι
976 383 1122 446 ἔλασσον

104 488 325 576 ἡμισφαιρίου
353 489 548 575 ὀφθήσεται.
594 489 871 574 ἐκβεβλήσθωσαν
898 489 961 574 γὰρ
985 489 1023 551 αί
1043 491 1119 570 ΒΛ,

105 599 178 660 ΓΕ·
203 605 448 680 συμπεσοῦνται
470 598 511 680 δὴ
530 594 584 662 ἐπὶ
602 598 642 661 τὰ
662 600 699 680 Γ,
713 600 758 680 Η,
773 601 801 661 Β
824 593 917 681 μέρη,
941 593 1120 676 ἐπειδήπερ
1144 596 1161 667 -λ

69 716 85 764 6
104 700 125 784 ἡ
143 706 213 767 ΛΕ
230 701 379 768 ἐλάσσων
398 701 467 768 ἐστὶ
485 712 543 786 τῆς
562 702 598 767 ἐν
617 707 801 789 τὴσφαίρμ
820 699 1007 787 διαμέτρου.
1037 714 1120 783 συμ

103 805 311 874 πιπτέτωσαν
337 811 419 873 κατὰ
449 811 486 874 τὸ
512 814 539 873 Ζ
567 821 711 892 σημεῖον.
757 806 826 874 ἐπεὶ
848 804 911 874 οὖν
938 807 1002 872 ἀπό
1025 829 1121 881 τινος

104 919 241 999 σημείου
269 924 328 980 τοῦ
354 920 381 980 Ζ
407 917 704 1001 προσπεπτώκασιν
731 916 860 980 εὐθεῖαι
889 916 926 979 αί
947 916 1018 996 ΖΓ,
1042 916 1117 995 ΖΒ,

104 1022 141 1086 τὸ
164 1025 273 1086 ΒΗΓ
300 1024 364 1108 ι’ίρα
396 1025 532 1087 ἔλαττόν
559 1022 649 1088 ἐστιν
676 1022 881 1106 ἡμικυκλίου.
927 1016 1000 1084 ἀλλ’
1025 1017 1063 1082 ἐν
1090 1011 1120 1106 ᾇ

54 1160 58 1171 ·
105 1127 174 1192 ἐστι
197 1128 234 1192 τὸ
257 1131 366 1192 ΒΗΓ
386 1137 509 1212 τμῆμα,
542 1128 578 1192 έν
606 1130 712 1216 τούτφ
739 1126 854 1192 καὶτὸ
881 1136 940 1209 τῆς
962 1128 1120 1210 σφαίρας.

52 1249 86 1297 10
105 1232 398 1318 ἀπολαμβανουσιν
421 1237 485 1320 ἄρα
508 1237 644 1299 ἔλαττον
667 1234 895 1320 ἡμισφαιρίου.

581 1410 644 1494 κη’.

170 1536 365 1620 Κυλίνδρον
388 1534 649 1619 δπωσδηποτοῦν
676 1534 742 1599 ὑπὸ
770 1532 844 1610 ἑνὸς
866 1537 1010 1618 ὄμματος
1032 1533 1119 1615 δρω-

105 1639 207 1724 μένου
230 1644 366 1706 έλαττον
388 1640 644 1728 ἡμικυλινδρίου
668 1641 861 1725 ὀφθήσεται.

171 1751 253 1814 ἔστω
276 1750 463 1835 κύλινδρος,
487 1744 527 1814 οὗ
551 1751 633 1813 έστω
651 1746 790 1833 κέντρον
808 1756 866 1831 τῆς
883 1747 1011 1831 βάσεως
1029 1747 1067 1812 τὸ
1084 1753 1119 1812 Α

53 1867 85 1916 15
105 1867 256 1939 σημείου,
283 1854 338 1920 καὶ
361 1855 618 1942 περιγεγράφθω
641 1853 717 1940 περὶ
739 1855 776 1919 τὸ
799 1861 832 1919 Α
858 1855 978 1930 κύκλος
1001 1854 1019 1919 ὁ
1042 1857 1119 1938 ΒΓ,

104 1960 160 2025 καὶ
177 1965 301 2027 κείσθω
318 1964 376 2046 ὄμ-

105 2092 149 2151 μα
168 2069 205 2132 τδ
223 2073 257 2132 Λ
275 2068 312 2133 έν
330 2078 376 2157 τῷ

105 2173 194 2260 αὐτῷ
234 2172 376 2262 ἐπιπέδφ

105 2282 256 2362 κείμενον
268 2288 307 2363 τῇ
321 2278 379 2363 βοί-

52 2398 86 2447 20
105 2401 155 2449 σει
182 2394 242 2449 τοῦ
265 2388 378 2450 κυλίν-
412 2404 449 2457 Λ

105 2492 189 2578 δρου
225 2501 265 2576 τῇ
298 2494 378 2574 ΒΓ,

104 2595 159 2661 καὶ
192 2597 376 2681 ἐπεζεύχθω

105 2703 169 2768 ἀπὸ
188 2712 248 2767 τοῦ
267 2709 300 2767 Δ
324 2702 377 2768 ἐπὶ

105 2810 142 2874 τὸ
176 2815 209 2873 Α
244 2807 264 2891 ἡ
296 2816 376 2893 ΔΑ,

52 2927 86 2976 25
104 2913 160 2980 καὶ
191 2917 351 2998 ἡχθωσαν
382 2915 446 2980 ἀπὸ
474 2925 533 2980 τοῦ
562 2922 594 2980 Δ
627 2916 755 2991 ἀκτῖνες
783 2916 820 2980 αί
844 2920 927 2997 ΑΒ,
950 2919 1027 2998 ΔΓ,
1058 2913 1115 2981 καλ

105 3020 368 3106 ἐφαπτέσθωσαν
395 3029 454 3085 τοῦ
481 3022 620 3104 κύκλου,
649 3019 703 3086 καλ
731 3021 933 3105 ιἰνὴχθωσαν
956 3021 1019 3086 ἀπὸ
1047 3033 1116 3086 τῶν

106 3133 145 3210 Β,
169 3131 202 3192 Γ
225 3131 370 3211 σημείων
396 3129 479 3213 πρὸς
501 3128 607 3213 ὀρθὰς
629 3126 769 3213 πλευραὶ
791 3137 851 3192 τοῦ
874 3129 1057 3214 κυλίνδρου
1080 3130 1119 3193 αι’

106 3239 183 3317 ΒΕ,
209 3237 283 3317 ΓΖ,
310 3233 366 3298 καὶ
398 3233 608 3317 έκβεβλὴσθω
641 3237 678 3298 τό
711 3257 745 3297 τε
777 3235 834 3298 διὰ
861 3245 928 3299 τῶν
954 3239 1032 3318 ΔΒ,
1051 3238 1118 3298 ΒΕ

177 3415 201 3462 2.
222 3408 334 3464 ἔλαττον
348 3409 422 3476 vat„
442 3408 571 3478 eomp.B.
628 3413 651 3462 3.
673 3408 850 3479 ἐκβεβλήσθω
864 3408 960 3475 Vat.v‚
980 3425 1070 3477 comp.
1082 3407 1114 3460 B.

139 3485 166 3533 4.
187 3485 217 3548 Γ,
235 3485 270 3549 Η,
286 3482 320 3552 Β]
337 3484 423 3534 ΓΒΗ
433 3499 469 3535 m.
525 3477 608 3550 μέτρη
622 3480 696 3548 λεί,
711 3496 778 3534 corr.
790 3498 826 3534 m.
837 3485 861 3534 2.
917 3484 941 3532 5.
959 3479 1115 3547 έλαοσουν,
