2334 3788
56 111 106 166 XL
424 109 704 164 sucessorem.

128 269 207 322 prop.
223 257 271 308 26:
290 250 327 306 si
343 249 436 304 maius
455 249 593 304 diametro
608 249 698 305 ruere
715 251 901 307 interstitium
919 250 1075 322 melonum,

57 331 203 387 uidebitur
220 331 313 387 medio
332 347 411 401 spere
429 330 520 385 maius
539 331 579 401 (O,
598 347 648 386 om.
672 332 719 402 T).

129 429 207 482 prop.
227 416 275 467 28:
302 410 457 465 Medietate
475 411 568 464 minus
583 411 674 481 aspici
690 413 725 467 de
739 412 889 483 columpna
903 412 943 481 (O,
953 428 1008 467 om.
1022 412 1073 481 T).

129 509 207 562 prop.
224 497 270 547 29:
290 490 371 556 Quod
385 508 403 546 a
416 490 615 561 propinquiore
624 491 665 544 de
674 491 829 562 columpna
842 492 964 546 rotunda
975 490 1076 547 minus

59 570 248 626 essentialiter
260 570 397 640 -oernitur,
414 570 507 625 maius
526 573 570 625 est
583 574 756 640 apparenter
768 574 812 642 (L
818 573 846 642 0,
861 590 915 628 vrurs.
934 573 980 642 T).

129 669 207 724 prop.
232 657 279 707 30:
315 649 466 705 Biramidis
493 651 630 705 medietas
660 652 780 707 rotunde
805 669 864 708 non
892 652 1006 706 uidetur
1028 651 1075 705 ab

59 735 141 789 oculo
160 750 243 804 super
261 733 383 790 stadum
401 732 478 787 basis
498 731 636 786 collocato
654 733 699 803 (L,
719 749 769 788 em.
788 734 835 803 f).

131 813 219 868 aliam
234 830 331 866 »rursus
350 811 542 867 recensionem
561 811 703 867 continere
726 813 839 869 uidetur
856 813 922 868 uod.
941 812 1075 868 Ambrae.

57 893 81 946 -P
95 899 128 947 al
145 911 204 962 sup.
219 907 292 946 saec.
303 890 380 959 XIV3
396 889 453 944 inc.
463 890 564 947 :radius
574 891 722 961 egreditur
735 893 773 947 ab
782 893 868 948 oculo
877 908 967 963 super
980 892 1076 946 lineae

58 973 187 1042 equales,
199 973 260 1026 des.
272 971 323 1025 tol.
338 976 404 1027 2188:
426 985 460 1024 ex
475 969 539 1024 loco
558 971 636 1024 uisus
655 971 693 1025 ad
707 975 838 1026 -centrum
853 970 955 1025 circuli
973 985 1077 1024 secum

55 1053 127 1107 dum
146 1050 372 1122 disposicionem,
392 1067 482 1119 quam
494 1049 629 1104 diximus.
662 1053 697 1104 et
714 1051 768 1105 hoc
787 1053 842 1120 est,
856 1050 938 1119 quod
957 1051 1076 1104 demon·

61 1136 151 1187 strare
164 1130 313 1186 uoluimus.
343 1129 459 1199 explicit
477 1130 549 1183 liber
568 1129 603 1183 de
621 1131 782 1199 aspectibus
797 1130 922 1184 Euclidis
939 1128 1072 1185 feliciter.

57 1212 161 1267 titulus
185 1214 241 1268 est:
267 1210 342 1264 'liber
365 1211 400 1264 de
422 1209 583 1279 aspectibus
606 1212 636 1263 et
657 1209 779 1279 speculis
798 1209 936 1278 Euclidis,
960 1225 1024 1263 cum
1041 1208 1075 1262 in

56 1292 161 1347 ceteris
186 1290 335 1346 codicibus
363 1291 421 1344 fere
445 1290 619 1344 'inscribatur
645 1289 680 1343 de
703 1289 774 1345 uisu.
817 1306 897 1360 prop.
916 1295 951 1344 t:
983 1289 1076 1358 figere

61 1371 215 1441 ortogonie,
235 1387 299 1425 cum
317 1369 492 1440 aspiciuntur
509 1369 637 1438 alonge,
657 1369 790 1422 uidentur
808 1369 954 1425 rotundae.

128 1449 210 1515 ¹(luae
228 1449 346 1504 Uitellio
369 1449 399 1503 in
420 1449 496 1503 libro
514 1449 554 1503 IV
572 1465 636 1502 cum
653 1448 771 1502 Euclide
794 1449 953 1504 communia
975 1449 1075 1518 babet,

59 1546 151 1598 neque
166 1529 197 1583 in
210 1529 450 1599 propositionibus
463 1546 516 1584 nec
529 1528 619 1583 multo
633 1528 725 1583 minus
737 1529 770 1582 in
779 1527 1075 1584 demonstrationibus

61 1610 98 1665 ad
125 1609 243 1663 uerbum
275 1626 339 1662 oum
369 1609 429 1667 ulla
458 1609 561 1663 'harum
590 1608 857 1678 interpretationum
883 1608 1071 1664 consentiunt.

60 1691 186 1760 Rogerus
205 1706 272 1743 uero
286 1689 361 1743 Baco
381 1688 552 1759 exemplaria
569 1688 658 1758 nouit,
677 1688 727 1742 ubi
740 1691 861 1758 utraque
873 1686 1074 1758 interpretatio

58 1768 212 1825 coniuncta
231 1770 303 1839 erat,
328 1785 354 1824 ιι.
376 1768 425 1839 Op.
444 1769 536 1823 maius
553 1787 580 1838 p.
601 1774 653 1822 aee
672 1771 716 1838 (·--
729 1767 911 1838 Perspectiua
928 1768 971 1823 ed.
988 1766 1072 1822 ¹Com-

60 1848 135 1903 bach
148 1868 175 1919 p.
192 1853 266 1919 115):
284 1851 315 1902 in
329 1849 401 1903 libro
421 1850 455 1903 de
474 1849 538 1903 uisu
554 1849 610 1903 ⁴hoc
628 1847 704 1902 idem
722 1848 785 1902 uult
799 1851 905 1917 auctor,
924 1865 987 1901 cum
1002 1846 1073 1900 dicit

59 1928 91 1982 in
110 1929 136 1982 X
153 1929 359 1998 propositione:
375 1929 559 2000 sectangulae
577 1927 788 1998 magnitudines
807 1944 822 1982 e
841 1926 980 1981 distantia
993 1926 1074 1980 uisae

61 2007 237 2077 peripheriae
256 2012 394 2079 apparent
412 2011 450 2081 [p.
466 2015 509 2078 rt,
523 2011 561 2082 ὅ]
601 2009 651 2062 sed
676 2007 744 2076 quia
764 2008 948 2078 -rsctengulae
964 2008 1072 2077 figurae

61 2087 223 2142 huiusmodi
239 2105 298 2143 non
314 2081 434 2158 possunt
447 2105 513 2142 esse
529 2088 586 2142 nisi
605 2088 805 2158 aequilaterae,
821 2088 888 2143 'ideo
907 2087 965 2142 alia
979 2091 1070 2142 trans-

62 2166 133 2221 latio
162 2166 320 2237 subiungit:
349 2169 488 2236 quadrata
513 2185 565 2237 per
592 2168 758 2222 distantiam
782 2171 924 2239 apparent
950 2167 1073 2222 rotunda

66 2247 103 2317 [ιι.
122 2265 149 2316 p.
164 2246 325 2318 sixtum.
363 2247 411 2302 cfr.
431 2247 468 2302 ib.
485 2265 514 2317 p.
530 2254 586 2302 tit
601 2251 650 2317 (ιι.-
663 2267 690 2318 p.
711 2254 762 2302 me
781 2247 946 2318 Oombach)-:
973 2249 1075 2302 auctor

64 2325 131 2380 libri
150 2327 185 2381 de
199 2327 262 2380 uisu
281 2328 406 2382 etmulti
420 2327 618 2397 aestimabant,
637 2327 861 2397 magnitudinem
875 2325 1074 2396 comprehendi

61 2423 114 2476 per
131 2407 321 2475 quantitatem
339 2408 437 2478 anguli
455 2409 531 2477 apud
544 2407 674 2476 oculum,
697 2408 771 2463 rude
789 2407 820 2461 in
837 2407 975 2478 principio
994 2405 1075 2459 illius

63 2485 130 2541 libri
149 2487 323 2556 supponitur,
342 2489 418 2556 quod
434 2488 499 2542 uisa
509 2487 565 2541 sub
579 2486 680 2541 maiori
695 2487 798 2557 angulo
814 2490 951 2558 apparent
964 2485 1075 2540 maiora

59 2568 94 2621 et
110 2567 163 2633 sub
181 2566 283 2621 minori
301 2567 419 2638 minora,
439 2572 468 2622 et
486 2569 538 2622 sub
556 2567 721 2636 aequalibus
736 2568 846 2638 angulis
861 2566 923 2621 uisa
938 2581 1074 2635 apparere

63 2646 195 2714 aequalia
219 2649 256 2718 [p.
277 2654 306 2717 3,
327 2650 414 2720 6sq.].
455 2649 593 2702 Iohannes
612 2647 754 2703 Peclsham
772 2646 979 2718 (Perspectiuae
998 2662 1075 2699 eom·

61 2725 155 2779 munis
174 2725 241 2780 libri
259 2731 323 2784 tres.
345 2728 439 2783 (tolon.
461 2732 541 2798 1692)
561 2728 652 2782 altera
669 2728 901 2798 interpretatione
918 2726 1021 2793 utitur;
1045 2743 1074 2778 u..

62 2805 83 2875 1,
99 2811 133 2859 39
150 2823 208 2861 non
223 2807 275 2860 sub
289 2824 455 2877 quocunque
470 2807 574 2878 angulo
588 2824 647 2863 rem
660 2807 751 2861 uideri
765 2809 803 2879 [p.
818 2813 842 2876 8,
858 2807 919 2878 1‘4];
939 2805 987 2859 cfr.
1001 2804 1022 2872 1,
1034 2809 1075 2859 88

63 2885 99 2938 de
112 2885 166 2939 hac
181 2886 348 2941 certitudine
362 2887 487 2956 loquitur
495 2887 626 2941 Euclides
637 2888 671 2941 de
686 2887 757 2956 uisu,
772 2904 835 2940 oum
844 2886 949 2955 inquit:
962 2884 1073 2938 nullum

62 2964 177 3018 uisibile
197 2965 280 3019 simul
298 2970 391 3020 totum
408 2966 511 3038 uideri,
532 2968 581 3023 sed
599 2984 650 3037 per
664 2966 891 3021 immutationem
907 2964 1072 3036 pyramidis.

134 3045 188 3099 Per
210 3048 302 3101 totum
325 3046 413 3116 igitur
435 3048 559 3103 medium
581 3064 683 3102 aeuum
702 3046 762 3100 sola
781 3045 883 3116 Optica
901 3045 1024 3116 genuina
1042 3043 1072 3097 in

62 3124 193 3181 manibus
212 3124 358 3181 hominum
381 3130 473 3196 erant3
500 3144 566 3181 nam
589 3144 661 3196 quae
679 3125 844 3182 Uincentius
863 3125 1076 3183 Bellouacensis.

64 3205 142 3276 Spec.
162 3207 220 3260 nat.
240 3203 324 3273 XXV,
343 3210 377 3259 45
399 3204 487 3260 habet
504 3205 674 3276 praefationi
692 3205 814 3259 Theonis
833 3204 1032 3275 consimilat,
1057 3222 1072 3258 e

135 3375 158 3443 ⁸)
175 3377 207 3428 et
226 3390 259 3427 ex
277 3374 331 3428 hoc
349 3374 494 3427 concludit
511 3372 654 3443 Euclides,
670 3375 750 3442 quod
768 3374 896 3428 uidemus
914 3391 964 3444 per
982 3373 1074 3428 lineas

64 3444 102 3498 ab
123 3445 203 3500 oculo
223 3444 405 3514 egredientes,
424 3443 558 3499 uidelicet
575 3461 626 3514 per
643 3445 824 3516 triangulum,
844 3444 922 3499 cuius
936 3445 1013 3499 basis
1030 3449 1075 3498 eet
