2334 3788
107 114 175 178 234
317 115 527 168 οενεοοιισιτ
545 115 722 170 mommo
741 114 908 168 σεισοαιε.

107 266 167 323 τοῦ
186 260 249 345 ἄρα
268 261 412 343 ὄμματος
424 256 602 344 τιθεμένου
626 257 679 323 έτιὶ
702 267 763 323 τοῦ
787 263 814 322 Ζ
838 258 975 341 σημείου
1001 261 1056 340 ίση
1081 255 1125 322 ἂν

107 367 261 450 φαίνοιτο
285 365 306 449 ἡ
329 369 397 430 ΒΓ
415 375 454 451 τῇ
478 370 552 431 ΓΛ·
580 369 648 430 ἔστι
672 362 709 429 δέ
731 367 857 449 μείζων.
895 366 964 430 ἔστι
982 387 1034 440 τις
1058 365 1124 449 ἄρα

107 473 207 548 τόπος
228 474 354 555 κοινός,
378 470 437 556 ἀφ’
459 467 500 538 οὗ
522 472 562 536 τὰ
584 473 683 536 ἄνισα
705 469 830 556 μεγέθη
856 477 910 536 ίσα
933 473 1101 556 φαίνεται.

582 682 644 768 ιζ’.

73 822 89 871 5
175 809 257 872 Είσί
276 832 364 885 τινες
386 812 496 892 τόποι,
524 806 560 873 έν
583 799 634 885 οἷς
656 807 696 872 τὰ
719 809 817 872 ἄνισα
839 803 963 892 μεγέθη
987 806 1051 871 δύο
1075 807 1123 882 είς

107 913 207 979 ταύτὸ
231 912 434 980 συντεθέντα
458 921 512 978 ἴσα
535 911 675 1002 ἑκατέρω
699 924 767 978 τῶν
791 913 916 978 ἀνίσων
939 917 1106 997 φαίνεται.

174 1022 255 1086 έστω
279 1022 341 1107 γὰρ
364 1025 483 1106 μείζων
507 1021 611 1105 ἡΒΓ
629 1029 687 1104 τῆς
709 1024 780 1104 ΓΛ,
803 1017 859 1085 καὶ
878 1016 953 1105 περὶ
971 1019 1030 1095 τὰς
1048 1021 1123 1102 ΒΓ,

108 1130 173 1192 ΓΛ
195 1127 371 1212 ἡμικύκλια
394 1127 640 1214 γεγράφθωσαν
667 1124 723 1192 καὶ
749 1124 825 1212 περὶ
853 1126 934 1208 ὅλην
958 1127 1020 1208 την
1042 1129 1123 1190 ΒΛ.

109 1234 233 1299 οὐκοῦν
262 1241 315 1319 ίση
343 1235 364 1319 ἡ
393 1235 429 1299 έν

56 1357 89 1404 10
108 1349 153 1428 τῷ
181 1345 286 1406 ΒΑΛ
314 1342 429 1426 ἡμικυ-

108 1449 189 1535 κλίῳ
210 1451 315 1529 γωνία
333 1457 373 1532 τη
392 1447 428 1513 έν
772 1481 781 1501 ι

108 1563 153 1640 τῷ
185 1557 303 1618 ΒΚΓ·
340 1553 428 1640 ὀρθὴ
517 1549 519 1552 ’

107 1658 171 1744 γοίρ
189 1657 279 1725 ἐστιν
293 1659 428 1748 ἑκατέρα

109 1765 228 1830 αὐτῶν.
279 1773 332 1850 ίση
365 1770 429 1851 ἄρα
505 1783 506 1787 ’

362 1879 435 1940 ΒΓ
477 1915 509 1976 B

56 1888 88 1936 15
108 1875 260 1955 φαίνεται
302 1874 322 1958 ἡ

108 1987 147 2063 τῇ
171 1984 246 2043 ΒΛ·
274 1983 430 2060 ὡσαύτως

109 2082 145 2149 δὲ
158 2084 213 2150 καὶ
227 2087 247 2169 ἡ
262 2091 330 2151 ΒΛ
349 2099 388 2174 τη
403 2092 464 2153 ΓΛ
479 2099 546 2152 τῶν
560 2088 715 2172 ὀμμάτων
731 2085 864 2152 ἐπὶτῶν
879 2091 994 2169 ΒΑΔ,
1009 2089 1122 2169 ΒΚΓ,

110 2194 205 2255 ΓΖΛ
227 2192 431 2276 ἡμικυκλίων
454 2192 622 2278 κειμένων.
668 2195 735 2258 είσί
755 2215 841 2269 τινες
863 2195 927 2278 ἄρα
949 2194 1060 2275 τόποι,
1085 2191 1123 2257 έν

110 2289 160 2373 οἷς
186 2299 227 2361 τὰ
254 2301 353 2364 ἄνισα
379 2299 503 2384 μεγέθη
532 2301 594 2364 δύο
626 2302 673 2377 είς
705 2299 804 2365 ταύτὸ
832 2296 1036 2364 συντεθέντα
1065 2304 1122 2362 ίσα

56 2419 90 2467 20
110 2401 248 2491 ἑκατέρω
272 2416 339 2469 τῶν
362 2405 487 2470 ἀνίσων
511 2409 671 2490 φαίνεται.

578 2642 645 2702 μη·

175 2741 300 2827 Εὑρεῖν
322 2743 454 2824 τόπους,
478 2738 536 2825 ἀφ’
559 2735 606 2807 ὧν
624 2743 661 2806 τὸ
686 2747 759 2805 ίσον
777 2738 917 2824 μέγεθος
935 2741 1037 2824 ἥμισυ
1057 2764 1121 2823 φα-

108 2860 213 2913 νεῖται
236 2847 256 2932 ἢ
280 2845 436 2933 τέταρτον
463 2846 561 2933 μέρος
586 2846 641 2912 καὶ
669 2849 819 2912 καθόλου
847 2846 883 2912 έν
908 2856 954 2935 τῷ
982 2844 1122 2911 δοθέντι

109 2959 212 3044 λόγῳ,
236 2954 271 3020 έν
294 2947 320 3042 ᾧ
343 2952 398 3018 καὶ
421 2954 441 3038 ἡ
464 2956 569 3036 γωνία
592 2953 750 3038 τέμνεται.

57 3073 90 3122 25
177 3065 258 3126 ἔστω
291 3061 354 3146 γὰρ
387 3061 502 3126 εὐθεῖα
531 3059 552 3143 ἡ
582 3063 660 3144 ΛΖ,
692 3059 747 3125 καὶ
778 3058 853 3146 περὶ
881 3062 941 3143 την
970 3063 1034 3123 ΛΖ
1067 3083 1121 3142 γε-

109 3169 253 3254 γράφθω
277 3175 385 3251 τμῆμα
404 3170 516 3252 τυχόν,
538 3164 594 3231 καὶ
612 3165 829 3252 ἐγγεγράφθω
849 3167 896 3242 είς
914 3166 995 3231 αὐτὸ
1014 3169 1121 3247 γωνία

110 3311 322 3318 ’.ὼ-.-

181 3401 205 3451 2,
225 3392 355 3464 φαίνειτο
374 3413 399 3462 ι,
420 3411 487 3449 corr.
507 3412 543 3447 m.
564 3399 587 3447 1.
642 3395 694 3466 τις]
713 3393 744 3446 in
761 3410 815 3447 τεε.
835 3411 871 3448 m.
892 3400 906 3447 1
926 3393 958 3447 V.
1017 3398 1041 3447 4.
1062 3392 1120 3464 ρξ’]

109 3466 153 3522 κε’
163 3483 195 3535 p3
215 3466 261 3520 νὸ’
273 3467 306 3534 V,
321 3483 357 3520 m.
370 3473 383 3519 1
395 3483 425 3532 νς
445 3465 493 3520 να’
504 3471 568 3519 m.2
583 3483 608 3520 v.
655 3471 679 3520 6.
695 3464 863 3520 συντιθέντα
873 3483 899 3533 p.
948 3468 971 3519 7.
986 3466 1080 3533 μεῖζον
1094 3482 1121 3518 v.
