2324 3788
117 122 162 186 28
460 126 630 178 EUGLIDIS
649 126 787 178 OPTch

118 267 138 350 ἡ
163 271 224 332 ΓΑ
247 267 483 353 συμβάλλουσα
505 279 550 357 τῷ
574 268 690 355 πέρατι
713 277 773 333 τοῦ
796 272 864 333 AB
890 265 1057 352 μεγέθους
1079 267 1133 334 καλ

119 376 248 458 διήχθω
277 373 371 461 μέχρι
398 384 458 440 τοῦ
482 381 516 440 Δ
538 379 690 461 ὄμματος.
741 378 823 440 ἔστω
852 370 889 438 δὲ
917 374 995 438 σκιὰ
1022 374 1043 458 ἡ
1066 380 1131 441 ΔΒ

119 489 179 545 τοῦ
215 487 248 546 A
256 485 295 545 Β.
354 480 409 546 καὶ
445 485 569 547 κείσθω

119 585 232 673 ἕτερόν
246 611 278 652 τι
300 587 442 673 μέγεθος
455 591 492 653 τὸ
507 593 571 652 ΕΖ
616 548 655 609 Γ

84 693 311 778 ὂσυμβολλλον
332 702 372 778 τῇ
397 693 505 759 ἀκτῖνι
527 696 571 778 μὴ

118 800 250 876 πάντως
288 804 573 885 καταυγαζόμενον

118 905 175 970 ὑπ’
192 906 294 990 αὐτῆς
312 908 395 971 κατα
412 910 450 972 τὸ
470 913 497 972 Ζ
518 906 572 971 πέ-

119 1039 187 1100 ρας.
242 1015 403 1100 ἥρμοσται
436 1009 499 1079 οὖν
526 1015 573 1089 εἰς

118 1122 155 1185 τὸ
183 1118 284 1185 ΑΒΔ
315 1124 480 1206 τρίγωνον
507 1119 572 1185 ἕτε-

65 1234 99 1283 10
119 1229 180 1312 ρόν
212 1250 245 1290 τι
276 1230 441 1312 τρίγωνον
472 1228 509 1290 τὸ
537 1231 649 1291 ΕΖΔ.
704 1229 794 1291 ἔστιν
825 1227 906 1312 ἄρα,
939 1225 985 1302 ὡς
1017 1227 1039 1311 ἡ
1066 1231 1134 1291 ΛΕ

117 1333 201 1418 πρὸς
232 1335 293 1416 τὴν
326 1338 404 1416 ΖΕ,
437 1333 542 1410 οὕτως
574 1334 594 1418 ἡ
626 1338 692 1398 ΛΒ
725 1334 808 1418 πρὸς
840 1334 901 1417 τὴν
929 1336 1001 1397 BA.
1059 1330 1129 1398 ἀλλ’

119 1439 136 1504 ὁ
164 1448 222 1522 τῆς
244 1443 314 1503 ΔΕ
339 1441 422 1525 πρὸς
448 1442 510 1524 τὴν
536 1445 600 1505 ΕΖ
628 1443 726 1522 λόγος
758 1438 827 1504 ε’στὶ
858 1439 1042 1524 γνώριμος·
1078 1437 1130 1504 καὶ

118 1545 136 1611 ὁ
164 1554 223 1629 τῆς
248 1551 315 1611 AB
347 1548 412 1632 ἄρα
438 1547 521 1632 πρὸς
548 1548 610 1630 τὴν
636 1551 702 1610 BA
734 1549 832 1628 λόγος
860 1543 928 1611 ἐστὶ
955 1546 1130 1631 γνώριμος.

119 1653 290 1739 γνώριμον
312 1649 349 1718 δὲ
371 1654 409 1717 τὸ
432 1657 509 1718 AB.
554 1654 725 1739 γνώριμον
748 1654 813 1738 ἄρα
835 1649 950 1717 καὶτὸ
974 1655 1053 1717 AB.

65 1836 98 1885 15
119 1869 142 1897 ,-
594 1829 655 1894 ιθ’.

185 1956 245 2038 Μὴ
268 1954 475 2039 ὑπάρχοντος
497 1953 593 2036 ἡλίου
617 1955 654 2018 τὸ
678 1949 782 2018 δοθὲν
805 1952 891 2031 ὕψος
908 1964 1048 2038 γνῶναι,
1071 1975 1128 2036 πη-

118 2064 213 2125 λίκον
236 2060 334 2125 ἐστίν.

185 2169 266 2231 ἔστω
294 2188 326 2229 τι
355 2164 546 2250 [μεγέθους]
574 2166 660 2243 ὕψος
687 2166 724 2229 τὸ
753 2170 785 2229 Α
791 2170 835 2249 Β,
867 2167 954 2250 ὄμμα
983 2162 1020 2230 δὲ
1049 2169 1129 2231 ἔστω

117 2274 155 2338 τὸ
181 2276 222 2355 Γ,
249 2270 304 2336 καὶ
333 2271 411 2335 θέον
438 2274 520 2335 ἔστω
544 2272 581 2335 τὸ
605 2276 670 2335 AB
694 2282 834 2354 γνῶναι,
862 2275 1004 2354 πηλίκον
1032 2271 1131 2355 ἐστίν,

64 2392 100 2442 20
118 2379 163 2456 ὡς
185 2380 229 2463 μὴ
254 2377 462 2463 ὑπάρχοντος
484 2376 588 2459 ἡλίου.
634 2381 758 2443 κείσθω
781 2378 967 2464 κάτοπτρον
990 2378 1029 2443 τὸ
1052 2385 1088 2444 Δ
1094 2383 1131 2461 Ζ,

117 2484 172 2550 καὶ
194 2486 493 2572 προσεκβεβλήσθω
518 2493 557 2569 τῇ
579 2489 643 2548 EA
667 2482 716 2548 ἐπ’
738 2484 871 2560 εὐθείας
894 2483 1012 2569 MR,
1036 2486 1130 2572 ἄχρις

118 2587 158 2656 οὗ
181 2593 345 2674 συμβαλεῖ
365 2598 410 2677 τῷ
434 2588 550 2676 πέρατι
572 2596 632 2655 τοῦ
656 2595 721 2654 ΑΒ
745 2589 909 2675 μεγέθους
931 2599 977 2678 τῷ
1001 2595 1046 2674 Β,
1074 2589 1128 2656 καὶ

117 2697 346 2783 προσπιπτέτω
379 2695 470 2773 ἀκτὶς
502 2697 565 2762 ἀπὸ
598 2706 658 2761 τοῦ
686 2699 830 2781 ὄμματος
856 2706 916 2761 τοῦ
942 2699 975 2762 Γ
1001 2696 1023 2780 ἡ
1052 2702 1129 2781 ΓΗ,

72 2836 83 2879 ι
117 2801 172 2868 καὶ
200 2802 513 2886 ιἰντανακεκλολσθω,
546 2806 640 2889 ἄχρις
673 2799 713 2869 οὗ
742 2806 905 2887 συμβαλεῖ
933 2812 979 2891 τῷ
1013 2802 1129 2890 πέρατι

66 2923 99 2972 25
118 2919 178 2974 τοῦ
202 2914 267 2974 ΑΒ
291 2908 454 2993 μεγέθους
475 2919 521 2997 τῷ
540 2917 582 2993 Α,
605 2907 661 2975 καὶ
683 2913 983 2995 προσεκβεβλήσθω
1008 2919 1048 2995 τῇ
1062 2915 1132 2976 ΔΕ

118 3016 138 3100 ἡ
162 3022 242 3099 ΕΘ,
271 3014 327 3080 καὶ
353 3017 448 3100 ἤχθω
473 3015 535 3081 ἀπὸ
559 3026 619 3081 τοῦ
644 3020 676 3080 Γ
699 3014 751 3080 ἐπὶ
773 3018 835 3100 τὴν
857 3021 923 3081 ΕΘ
944 3016 1088 3095 κάθετος
1109 3016 1129 3100 ἡ

61 3186 64 3191 ’
189 3196 212 3244 7.
232 3191 306 3244 Ante
324 3187 397 3244 κατά
416 3190 479 3243 add.
499 3189 569 3244 ἄλλα
587 3209 623 3259 m,
642 3209 678 3244 m.
700 3197 715 3243 2
735 3191 829 3245 vvat.
893 3195 917 3244 8.
937 3189 1074 3258 ἡρμόσθαι
1092 3210 1128 3246 m

154 3267 177 3315 9.
196 3262 284 3332 ΑΒΔ]
305 3277 372 3315 corr.
389 3278 423 3314 ex
436 3265 520 3315 ΑΒΓ
534 3262 567 3316 V.
624 3266 665 3314 10.
685 3263 756 3333 ΔΕ]
776 3265 830 3315 ΔΖ
848 3261 902 3330 Bv,
922 3263 951 3314 et
964 3261 1040 3331 Vah,
1060 3279 1128 3317 corr.

116 3351 152 3387 m.
168 3338 193 3388 2.
249 3338 290 3386 12.
310 3333 382 3403 ΔΕ]
402 3335 456 3387 ΔΖ
474 3333 528 3400 Bv,
548 3332 664 3400 efflat„
684 3349 752 3386 corr.
767 3351 803 3387 m.
820 3340 843 3387 2.
900 3330 1128 3403 Ez]inras.v,

121 3407 172 3457 ZE
189 3403 314 3458 BVat.v.
382 3409 422 3458 14.
443 3402 511 3456 Post
528 3408 579 3456 AB
599 3403 662 3458 add.
684 3403 804 3472 ιωὲξῆς
822 3404 855 3472 V,
874 3422 910 3458 m.
931 3409 946 3456 2
965 3403 1031 3458 Vat.
1087 3410 1129 3458 16.

119 3475 176 3544 ιθ’]
196 3474 225 3528 κ’
246 3475 326 3528 codd.
419 3480 459 3528 17.
485 3471 540 3527 ἐστί
562 3492 588 3529 v.
678 3474 751 3528 Dein
774 3474 838 3529 add.
860 3473 922 3545 ἑξῆς
940 3473 975 3543 Β,
1005 3475 1056 3529 sed
1074 3475 1130 3531 del.
