2334 3788
484 140 716 194 CATOPTRICA.
1038 141 1102 206 329

92 282 120 347 si
140 281 226 347 enim
245 283 285 347 ad
304 283 433 347 oculum
452 283 682 370 refringantur,
706 286 817 372 anguli
836 287 877 351 ad
895 293 936 372 A,
956 291 988 352 Γ
1004 288 1104 372 positi

92 392 241 475 aequales
260 389 341 452 fiant
360 388 464 473 [prop.
479 390 524 474 2].
557 391 850 458 demonstrabimus
870 398 988 479 autem,
1006 388 1104 459 etiam

94 1276 122 1340 si
146 1277 258 1340 oculus
283 1281 374 1340 extra
397 1274 557 1340 ambitum
580 1274 633 1359 sit,
656 1275 767 1339 eadem
791 1275 946 1361 adsidere,
967 1276 998 1340 h.
1018 1299 1045 1342 e.
1066 1282 1104 1342 ut

94 1382 207 1446 oculus
238 1405 305 1446 non
333 1387 496 1466 cernatur,
529 1381 603 1465 quia
630 1380 841 1446 retractiones
870 1383 910 1446 ad
937 1405 1011 1447 cum
1037 1405 1105 1448 non

91 1489 183 1553 fiunt.

572 1647 624 1711 26.

159 1770 197 1835 In
221 1769 360 1855 speculis
383 1770 535 1835 concauis
559 1769 587 1833 si
610 1769 707 1834 ducta
730 1770 888 1835 diametro
912 1773 1066 1857 sphaerae
1085 1797 1102 1840 e

92 1882 203 1942 centro
222 1881 312 1941 recta
328 1874 602 1960 perpendicularis
622 1875 766 1962 erigitur,
786 1878 871 1942 etin
890 1879 992 1944 altera
1009 1885 1102 1965 parte

93 1983 206 2048 oculus
230 1983 421 2066 collocatur,
447 1981 530 2045 nihil
553 2003 678 2066 corum,
706 2005 787 2066 quae
814 1984 849 2048 iu
877 1986 988 2050 eadem
1010 1992 1102 2070 parte

93 2092 177 2170 sunt,
199 2088 235 2152 in
253 2111 317 2172 qua
342 2088 462 2172 oculus,
485 2091 642 2173 cernetur,
664 2088 859 2173 hancque
878 2113 999 2178 eorum,
1022 2116 1102 2177 quae

92 2195 127 2258 in
150 2193 322 2277 diametro,
345 2215 448 2276 neque
472 2215 553 2277 quae
577 2198 669 2258 extra
692 2216 764 2260 eam
787 2201 871 2262 sunt.

655 2301 698 2366 sit
717 2306 816 2368 ΑΓΛ
839 2306 1006 2388 speculum
1029 2329 1102 2372 con-

322 2434 400 2557 Ὗ
449 2457 489 2509 N
601 2431 733 2493 cauum,
774 2411 950 2477 diametrus
992 2419 1102 2479 autem

322 2444 444 2631 μ
602 2517 756 2601 sphaerae
780 2518 824 2583 sit
846 2524 921 2604 ΑΔ,
943 2525 976 2584 et
994 2543 1011 2584 e
1031 2543 1102 2586 cen·

601 2629 653 2689 tro
679 2629 706 2688 Z
734 2624 787 2707 ad}
802 2631 867 2690 ΑΔ
895 2627 1103 2711 perpendicu-

98 2428 520 2856 ΛΑ
601 2730 678 2795 laris
712 2732 856 2818 erigatur
884 2735 958 2817 ΖΓ,
990 2733 1102 2797 oculus

95 2830 128 2891 A
308 2832 331 2880 Ζ
419 2829 466 2877 M
513 2803 538 2866 Δ
602 2845 659 2903 aut

301 2371 429 2448 ΓΑΕ

660 2862 712 2903 em
729 2840 773 2904 sit
790 2844 827 2922 Β,
851 2843 884 2902 et
904 2843 969 2903 ΒΕ
985 2840 1102 2905 radius.

603 2950 669 3010 BE
691 2946 793 3030 igitur
816 2945 974 3009 refractus
997 2968 1101 3029 neque

603 3053 695 3116 adB
724 3073 828 3135 neque
855 3051 896 3114 ad
925 3056 952 3115 Z
979 3052 1102 3138 ueniet3

94 3159 154 3224 sub
174 3157 363 3241 aequalibus
386 3157 472 3222 enim
491 3158 618 3244 angulis
641 3157 840 3242 refringitur.
875 3158 986 3241 itaque
1010 3159 1103 3224 cadet

92 3270 130 3330 ut
149 3269 222 3329 ΕΘ.
260 3263 410 3328 similiter
433 3265 532 3329 etiam
555 3265 583 3328 si
606 3265 719 3329 oculus
739 3264 827 3329 intra
850 3263 1001 3328 ceciderit
1018 3265 1054 3329 in
1074 3270 1103 3329 Θ

92 3372 145 3436 uel
168 3373 203 3436 in
226 3372 383 3435 diametro
406 3369 441 3435 in
464 3375 511 3455 M,
534 3370 617 3434 radii
643 3374 716 3453 ΘΚ,
734 3375 817 3435 ΜΝ
834 3370 965 3435 refracti
988 3372 1103 3436 cadent

93 3481 131 3540 ut
158 3481 231 3563 ΚΛ,
248 3483 287 3543 N
291 3477 326 3552 Ξ.
368 3499 446 3564 crgo
468 3477 551 3542 nihil
574 3499 697 3563 eorum,
719 3499 801 3562 quae
822 3477 863 3541 in
876 3478 996 3541 eadem
1009 3482 1114 3555 uanas

400 2870 415 2999 l

393 3008 433 3060 B
