2334 3788
278 156 487 208 oericoauu
505 155 682 208 ancuusm
701 155 867 207 ruaorus.
1011 151 1076 215 217

547 317 598 381 38.

139 421 173 487 Si
192 428 317 508 magmt
292 424 381 488 'tudo
401 424 441 488 ad
459 423 593 507 planum
615 422 784 487 subiacens
803 421 1077 506 perpendicularis

69 529 217 594 sublimis
242 535 349 594 crecta
372 535 435 616 est,
463 535 495 595 ct
519 529 664 594 oculus
654 552 689 593 rn
713 529 821 613 aliquo
844 533 966 612 puncto
988 527 1077 612 plani

69 637 215 722 ponitur,
242 583 435 722 magnrt'tudd
461 641 517 701 aut
520 658 584 721 cm,
612 657 693 719 quae
720 635 875 719 cernitur,
902 634 1078 698 secundum

69 690 229 809 ambiturir
256 742 366 807 circuli
394 747 557 827 mouetur,
586 742 792 828 magnitude,
819 763 900 824 quae
929 739 1079 824 cernitur,

71 873 198 935 semper
221 849 364 933 aequalis
389 854 544 914 cernetur.

137 961 287 1022 cernatur
314 956 505 1043 magnitudo
534 956 642 1040 aliqua
669 960 735 1020 AB
768 955 866 1039 plano
899 954 1077 1037 sublimior,

71 1065 183 1130 oculus
216 1069 323 1128 autem
357 1065 400 1127 sit
428 1066 468 1148 Γ,
500 1064 700 1147 duceturque
729 1065 804 1147 ΓΒ,
836 1064 869 1126 et
901 1065 1012 1125 centro
1042 1063 1078 1144 Γ,

564 1169 655 1234 radio
692 1173 801 1233 autem
839 1171 901 1232 ΓΒ
939 1166 1078 1232 circulus

120 1263 152 1318 Α
564 1275 765 1340 describatur
779 1280 850 1340 BA.
874 1275 956 1360 dico,
970 1275 998 1338 si
1011 1281 1044 1339 A
1049 1278 1078 1338 B

562 1405 621 1467 per
640 1382 800 1446 ambitum
819 1381 931 1446 circuli
950 1403 1079 1446 mouea-

564 1494 631 1575 tur,
659 1511 786 1572 semper
814 1511 885 1552 cam
911 1489 1078 1572 aequalem

565 1599 635 1660 ar
654 1595 747 1660 oculo
771 1595 866 1659 cerni.
902 1616 978 1659 nam
1001 1617 1079 1678 quo-

487 1687 512 1754 Δ
563 1703 651 1766 niam
693 1706 764 1766 AB
805 1700 1078 1785 perpendicularis

566 1813 616 1872 est
640 1813 672 1872 ct
697 1809 737 1872 ad
754 1811 823 1872 ΒΓ
840 1806 995 1893 angulum
1013 1828 1079 1871 rec-

565 1920 636 1980 tum
668 1914 782 1999 efficit,
820 1936 930 1978 omnes
963 1917 1079 1996 rectae,

565 2044 646 2105 quae
671 2044 689 2086 a
709 2024 741 2086 Γ
760 2026 870 2086 centro
894 2021 935 2084 ad
957 2019 1079 2105 magni-

565 2128 711 2192 tudinem
722 2132 788 2192 AB
803 2127 966 2212 adcidunt,
981 2147 1080 2212 angu-

69 2238 120 2302 los
150 2238 236 2301 inter
263 2258 296 2300 se
326 2234 475 2318 aequales
504 2234 657 2300 efficiunt.
708 2255 786 2320 crgo
815 2234 902 2318 quod
930 2233 1080 2317 cernitur,

71 2344 203 2427 aequale
227 2347 382 2407 cernetur.
426 2341 576 2406 similiter
599 2342 697 2406 etiam
721 2341 749 2406 si
771 2365 790 2406 a
810 2344 842 2405 Γ
860 2345 970 2406 centro
990 2343 1080 2404 recta

71 2449 218 2513 sublimis
243 2448 394 2535 erigitur,
422 2453 454 2513 et
477 2448 513 2512 in
536 2470 574 2512 ea
597 2448 709 2512 oculus
731 2448 866 2532 ponitur
893 2448 933 2510 ad
956 2446 1080 2532 magni-

70 2555 225 2639 tudinem,
248 2577 330 2638 quae
354 2555 506 2639 cernitur,
529 2554 693 2639 positione
715 2554 870 2639 parallela
895 2553 1079 2636 collocatus,

70 2667 104 2726 et
128 2661 317 2746 magnitudo
341 2665 501 2747 mouetur,
527 2662 614 2745 quod
636 2661 773 2746 uidetur,
798 2683 923 2745 semper
946 2659 1079 2743 aequale

69 2768 211 2851 adparet.

549 2858 600 2922 39.

139 2959 196 3025 Sin
220 2962 306 3044 quod
329 2963 481 3048 cernitur,
504 2963 544 3026 ad
566 2963 700 3047 planum
723 2962 892 3028 subiacens
910 2962 1080 3046 perpendi-

70 3069 178 3133 culare
207 3071 270 3186 est,
303 3068 481 3151 oculusque
507 3091 565 3152 per
594 3069 753 3133 ambitum
782 3068 894 3133 circuli
921 3072 1081 3152 mouetur,

71 3175 158 3258 quod
182 3173 338 3256 semitm,
363 3196 489 3258 semper
512 3175 643 3293 aequale
667 3174 842 3258 adparebit

139 3284 289 3343 cernatur
313 3284 380 3343 AB
404 3280 542 3344 sublime
565 3280 710 3364 posit
733 3281 829 3344 eatd
851 3280 984 3363 planum
1008 3280 1081 3344 sub-

107 3442 149 3490 21
168 3437 238 3490 Post
255 3434 437 3526 περιφερείας
456 3437 519 3491 add
539 3434 655 3528 κέντρον
676 3436 833 3509 ἔχοντος
807 3457 838 3491 το
858 3447 986 3507 σημεῖον,
1006 3436 1077 3495 καθ’

70 3504 85 3561 ὃ
105 3505 252 3579 συμβάλλει
270 3507 302 3562 τὸ
322 3505 442 3578 μέγεθος
459 3528 498 3581 τῳ
517 3506 690 3583 ἐπιπέᾶῳρ
