2334 3788
435 133 609 187 ,nucnuns
628 134 765 188 ornei.
1045 133 1105 196 111

97 298 146 342 νον
177 277 301 342 facturn
328 276 492 341 uidebitur
524 277 629 362 sequi,
662 282 696 340 at
728 298 805 341 uero
833 278 878 342 ele
910 278 1107 362 subsequens

98 405 195 468 super
217 389 251 448 st
276 383 400 447 factum
427 382 591 447 uidebitur
619 384 817 466 praecedere.

167 559 202 625 Si
221 561 383 646 aliquibus
397 561 474 625 latis
489 560 636 645 pluribus
654 560 817 645 inaequali
832 561 996 626 eeleritate
1012 562 1108 626 simul

98 673 339 752 transportetur
356 668 391 731 in
410 668 538 732 easdem
556 671 665 750 partes
685 672 718 732 et
739 667 860 752 oculus,
880 690 961 752 quae
980 669 1110 752 quidem

100 774 194 839 oculo
231 775 356 859 aequali
391 775 556 840 eeleritate
588 773 750 859 seruntur,
787 774 983 840 uidebuntur
1016 780 1109 863 stare,
1146 785 1162 834 5

99 881 243 946 tardiora
271 903 349 946 uero
376 882 411 945 in
440 880 638 946 eontrarium
660 881 751 966 ferri,
784 881 938 946 celeriora
969 904 1046 946 uero
1074 882 1110 946 in

98 988 334 1074 praecedentia.

166 1095 313 1159 ferantur
336 1093 423 1158 enirn
444 1094 607 1178 inaequali
636 1093 800 1158 eeleritate
823 1095 854 1179 b,
873 1115 908 1178 9,
931 1095 964 1178 d,
992 1099 1025 1159 et
1047 1100 1111 1159 lar-

100 1202 231 1266 dissime
256 1201 386 1285 quidem
409 1200 533 1264 feratur
551 1200 578 1286 b,
601 1206 735 1265 aluere
756 1222 777 1283 9
800 1201 927 1285 aequali
946 1201 1110 1267 celeritate

101 1308 194 1373 oculo
221 1307 299 1393 1ch
326 1328 404 1371 uero
433 1306 568 1372 celerius
598 1329 695 1391 quarn
720 1329 754 1393 9,
786 1308 827 1371 ab
861 1308 953 1372 oeulo
985 1330 1063 1372 uero
1091 1308 1163 1372 1010

101 1415 248 1479 accidant
271 1413 353 1477 radii
376 1413 427 1499 ab,
444 1413 500 1499 Ινγ,
518 1414 570 1479 aa.
616 1413 726 1498 itaque
751 1414 844 1479 oculo
868 1415 1068 1500 transposito
1089 1438 1111 1498 9

101 1526 185 1585 stare
209 1521 346 1602 uidetur,
370 1520 387 1584 b
410 1541 488 1584 uero
512 1520 662 1585 relietum
684 1520 719 1584 in
743 1521 941 1585 eontrarium
963 1522 1053 1605 ferri,
1077 1527 1111 1587 at

100 1649 189 1713 uere,
212 1627 299 1711 quod
318 1626 453 1691 celerius
472 1627 615 1710 positum
634 1632 684 1691 est
702 1648 824 1713 eorum,
846 1627 924 1691 ferri
947 1628 1111 1694 uidebitur

101 1734 136 1796 in
160 1733 336 1816 anteriora3
359 1733 433 1816 plus
457 1732 543 1797 enim
567 1733 608 1796 ab
632 1733 678 1797 eis
702 1733 810 1797 distat.

170 1909 204 1976 Sl
228 1909 390 1995 aliquibus
413 1908 490 1973 latis
514 1914 667 1993 appareal
686 1909 818 1995 aliquid,
842 1911 928 1993 quod
945 1932 1012 1974 non
1031 1910 1112 1974 fera·
1130 1923 1164 1973 15

108 2057 147 2120 11
189 2057 229 2120 1⁷
296 2052 332 2117 Δ
388 2019 454 2099 tur,
486 2016 649 2079 uidebitur
670 2015 751 2079 illud
777 2037 843 2080 non
869 2016 974 2081 latum
995 2022 1113 2081 retror-

389 2144 461 2186 sum
483 2120 570 2186 ferri.

455 2228 602 2292 ferantur
638 2228 725 2292 enirn
757 2229 789 2315 b,
816 2231 849 2315 d,
886 2251 954 2294 non
989 2230 1113 2294 feratur

389 2339 498 2399 aulem
523 2356 558 2420 9,
590 2340 623 2399 et
655 2335 696 2399 ab
730 2336 823 2400 oculo
857 2337 1004 2402 accidant
1030 2337 1112 2401 radii

199 2527 232 2584 Ζ
388 2442 437 2527 νο,
455 2460 504 2524 ν9,
522 2443 572 2506 acl.
608 2441 746 2526 igilurb
769 2443 899 2526 quidem
916 2443 1019 2509 latum
1041 2465 1114 2528 pru
1131 2455 1166 2506 νο

388 2548 463 2632 pius
491 2547 553 2612 erit
581 2570 678 2631 quam
703 2571 737 2634 9,
769 2553 803 2612 al
830 2571 908 2613 uero
936 2551 959 2614 d
983 2571 1114 2636 progre-

103 2651 193 2716 diens
216 2652 354 2738 longius.
404 2655 440 2717 in
468 2654 666 2718 eontrarium
694 2676 771 2719 uero
794 2655 872 2719 ferri
900 2652 1064 2720 uidebitur
1083 2678 1112 2740 9.

176 2835 199 2884 1.
220 2829 260 2899 at]
281 2828 318 2881 ad
336 2829 373 2882 D.
447 2833 489 2882 20.
510 2829 557 2899 aq]
576 2829 637 2900 νᾴγ
654 2830 692 2883 D.

103 2993 141 3060 τῷ
160 3006 184 3042 v.
245 2987 276 3041 τὸ
291 2985 323 3041 δέ
333 3019 365 3027 -
378 2994 419 3043 12.
436 2987 548 3060 ὄμματι]
567 2993 605 3061 τῷ
623 2986 655 3044 δὲ
673 2994 702 3043 K
719 2989 820 3058 ὄμματι
838 2990 971 3062 ἰσοταχῶς
988 2991 1019 3045 τὸ
1036 2995 1063 3045 Γ
1076 3009 1112 3046 m.

140 3064 181 3114 14,
201 3056 392 3127 προσπιπτέτω
411 3077 436 3114 v.
511 3066 552 3114 15.
572 3061 620 3131 τῶ]
640 3077 708 3114 corr.
724 3076 758 3114 ex
776 3060 807 3114 τό
825 3060 859 3116 V.
931 3061 1114 3132 περιφερόμε-

104 3149 155 3184 νον
174 3149 209 3184 m.
271 3135 311 3184 16.
331 3114 723 3256 ὑπολειπόμενονγῙέπόμενον
742 3149 778 3186 m.
842 3137 883 3188 18.
901 3141 1001 3189 τοῦτον
1019 3151 1044 3203 v,
1064 3133 1114 3186 sed

581 3247 587 3271 l

532 3201 539 3220 Ι

105 3217 172 3255 corr.
235 3206 277 3254 20.
297 3201 356 3272 νβ’]
377 3218 430 3256 om.
450 3219 475 3269 v,
495 3202 527 3270 ξγ
607 3203 653 3267 ξα’
668 3221 704 3257 m.
721 3208 736 3255 2
755 3202 820 3258 Val.
882 3209 924 3258 21.
945 3204 1113 3274 φερόμενον]

105 3270 279 3341 φαινόμενον
307 3291 342 3327 m.
440 3278 482 3327 22.
512 3272 551 3334 εἰς
577 3271 613 3326 τὰ
641 3273 776 3345 ὄπισθεν]
810 3291 878 3329 corr.
905 3290 938 3327 ex
966 3275 1006 3337 εἰς
1032 3273 1114 3342 vola

103 3347 230 3411 προσθεν
248 3343 281 3412 V,
302 3344 341 3405 εἰς
358 3342 393 3396 τὰ
409 3342 568 3412 ἔμπροσθεν
585 3362 611 3398 r.
667 3350 708 3400 23.
729 3346 765 3416 Δ]
785 3362 852 3400 eorr.
869 3361 902 3399 ex
918 3349 945 3398 Γ
958 3363 994 3400 m.
1010 3352 1025 3399 2
1039 3345 1084 3400 Va

107 3417 133 3467 Γ
147 3432 172 3469 v.
254 3421 296 3470 24.
316 3412 509 3484 προσπιπτέτω
527 3432 553 3484 v,
574 3431 661 3484 comp.
681 3415 746 3469 Vel.
837 3422 878 3472 25.
899 3417 932 3487 B]
953 3433 1020 3473 corr.
1040 3431 1077 3470 ex

104 3501 140 3539 m.
159 3492 175 3541 2
194 3485 268 3556 Vau,
287 3491 309 3539 A
328 3504 353 3541 v.
428 3485 532 3558 ἔγγιον]
552 3502 620 3542 corr.
640 3503 674 3541 ex
695 3485 801 3558 ἔγγειον
819 3487 856 3543 ll.
