2334 3788
179 655 271 733 Όυιν
294 649 380 719 εἶναι
403 654 549 737 εὐθεῖαν,
572 649 611 737 ἧς
633 656 673 718 τδι
691 653 773 738 μέσα
790 654 898 719 πάντα
919 667 994 733 τοῖς
1012 657 1127 742 ἄκροις

114 761 317 847 ἐπιπροσθεῖ.

185 869 231 931 Τδι
254 867 404 951 ὁρώμενα
427 868 555 931 ἅπαντα
576 874 646 932 καθ
677 868 810 944 εὐθείας
832 867 990 953 δρᾶσθαι.

177 972 356 1059 Ἐνόπτρου
384 971 538 1049 τεθέντος
566 973 601 1039 ἐν
628 972 770 1062 ’ἐπιπέδῳ
797 972 853 1039 καὶ
881 973 1125 1061 θεωρουμένου

78 1091 93 1139 5
113 1082 203 1157 τινὸς
221 1081 338 1163 ὕψους,
361 1079 379 1144 δ
397 1080 480 1165 πρὸς
498 1080 604 1166 ὀρθάς
623 1079 754 1168 ἐστιτῷ
774 1078 926 1168 ἐπιπέδῳ,
946 1084 1124 1164 γίγνονται

112 1187 290 1270 ἀνάλογον,
323 1187 368 1262 ὡς
394 1185 414 1268 ἡ
442 1184 561 1270 μεταξὺ
589 1195 649 1250 τοῦ
673 1186 834 1272 ἐνόπτρου
865 1185 921 1251 καὶ
948 1196 1011 1252 τοῦ
1035 1195 1123 1253 θεω-

112 1302 251 1378 ροῦντος
270 1293 385 1357 εὐθεῖα
406 1294 489 1378 πρὸς
506 1295 567 1376 τὴν
585 1291 704 1376 μεταξὺ
722 1303 782 1357 τοῦ
801 1293 963 1380 ἐνόπτρου
987 1293 1123 1360 καὶτοῦ

110 1401 193 1485 πρὸς
224 1399 331 1484 όρθδις
357 1398 479 1481 ὕψους,
513 1399 599 1464 οὕτω
631 1400 668 1462 τὸ
701 1407 761 1463 τοῦ
788 1405 1002 1486 θεωροῦντος
1035 1401 1124 1480 ὕψος

110 1505 193 1590 πρὸς
215 1506 252 1568 τὸ
275 1505 358 1590 πρὸς
381 1505 487 1590 ὀρθὰς
509 1515 554 1593 τῷ
579 1504 720 1592 ἐπιπέδῳ
744 1505 838 1584 ὕψος.

60 1624 92 1672 10
176 1609 230 1675 Ἐν
257 1623 326 1687 τοῖς
353 1609 519 1688 ἐπιπέδοις
546 1612 717 1697 ἐνόπτροις
738 1620 798 1677 τοῦ
821 1615 924 1676 τόπου
950 1618 1122 1698 καταληφ-

111 1715 244 1800 θέντος,
277 1715 329 1801 ἐφ’
355 1716 394 1781 ὃν
421 1717 441 1800 ἡ
468 1719 609 1793 κόθετος
630 1720 741 1782 πίπτει
764 1717 827 1782 ἀπὸ
851 1726 910 1782 τοῦ
933 1717 1119 1803 ὁρωμένου,

111 1823 219 1888 οὐκέτι
242 1824 358 1909 ὁρᾶται
380 1825 417 1888 τὸ
441 1824 618 1909 ὁρώμενον.

177 1928 243 1993 Καὶ
267 1930 303 1994 ἐν
326 1942 395 2005 τοῖς
415 1943 548 2015 κυρτοῖς
571 1930 743 2015 ἐνόπτροις
764 1928 1038 2014 καταληφθέντος
1061 1941 1120 1997 τοῦ

110 2039 223 2119 τόπου,
247 2035 291 2099 δι’
309 2032 349 2101 οὗ
364 2022 431 2101 ’ἀπὸ
450 2044 510 2100 τοῦ
529 2035 699 2122 δρωμένου
723 2039 770 2113 εἰς
791 2038 828 2101 τὸ
846 2035 987 2123 κέντρον
1006 2040 1120 2121 ἄγεται

58 2153 90 2201 15
109 2150 166 2224 τῆς
189 2145 341 2228 σφαίρας,
365 2142 473 2207 οὐκέτι
497 2143 612 2229 ὁρᾶται
635 2144 671 2207 τὸ
695 2142 873 2228 δρώμενον.
919 2145 956 2208 τὸ
981 2143 1014 2208 δ’
1036 2145 1117 2210 αὐτὸ

109 2245 164 2311 καὶ
187 2248 224 2312 ἐν
246 2260 315 2324 τοῖς
337 2253 462 2324 κοίλοις
485 2251 667 2332 συμβαίνει.

173 2352 249 2418 Ἐδιν
268 2357 314 2430 εἰς
332 2354 465 2437 ἄγγελον
484 2355 633 2439 ἐμβληθῇ
652 2379 683 2419 τι
701 2353 757 2419 καὶ
775 2356 858 2440 λιλβη
877 2355 1054 2442 ἀπόστημα
1073 2359 1118 2435 ὡς

110 2458 222 2544 μηκέτι
254 2470 409 2546 δρᾶσθαι,
441 2470 501 2524 τοῦ
533 2462 636 2525 αὐτοῦ
668 2461 894 2546 ἀποστήματος
926 2464 1025 2541 ὄντος
1059 2464 1117 2530 ἐὰν

109 2567 200 2653 ὕδωρ
224 2566 364 2652 ἐκχυθῇ,
388 2567 573 2651 ὀφθήσεται
596 2569 633 2632 τὸ
658 2566 832 2651 ἐμβληθέν.

613 2777 624 2804 Ι

56 2791 89 2839 20
589 2804 633 2848 α.

172 2901 249 2969 Ἀπὸ
272 2915 339 2969 τῶν
363 2903 526 2969 ἐπιπέδων
549 2904 718 2990 ἐνόπτρων
740 2903 795 2968 καὶ
816 2915 949 2989 κυρτῶν
970 2905 1029 2970 καὶ
1048 2910 1117 2972 κοί-

108 3014 176 3074 λων
199 3012 235 3074 αι’
256 3012 348 3088 ὄψεις
371 3010 407 3075 ἐν
431 3017 517 3087 λ’σαις
540 3014 676 3093 γωνίαις
698 3010 914 3077 ἀνακλῶνται.

170 3215 248 3290 Ὅροι
266 3239 307 3291 m,
328 3218 388 3290 όροι
406 3229 597 3288 κατοπτρικῶν
616 3239 653 3275 m.
670 3237 725 3274 ree.
743 3239 771 3274 v.
844 3228 866 3275 1.
887 3221 977 3289 Supra
996 3225 1115 3278 εὐθεῖαν

94 3285 129 3359 7λέ
150 3310 204 3348 scr.
229 3291 398 3352 ὑποκείσθω
422 3313 460 3350 m.
479 3299 497 3349 2
519 3293 561 3364 V,
587 3311 647 3362 mg.
668 3309 708 3345 m.
725 3297 760 3344 h
784 3288 861 3342 κατα
880 3299 978 3341 mm&
999 3294 1033 3341 r&
1053 3296 1122 3343 km-

81 3360 203 3423 κείσθω.
284 3364 333 3444 ἧς]
355 3387 428 3426 corr.
450 3385 486 3424 ex
508 3362 548 3431 εἷς
566 3385 597 3421 v.
684 3367 712 3415 b.
731 3360 806 3412 ἐστιν
820 3358 887 3407 Ἢ.
958 3353 1142 3416 ηἰοουωιὶό.
