2334 3788
75 115 118 180 52
415 110 584 164 EUOLIDIS
603 109 744 163 ΟΡΙῚΟΑ.

75 255 370 346 προσπιπτέτωσαν
392 255 522 332 ἀκτῖνες
544 255 582 319 αί
604 257 684 338 ΘΚ,
705 257 779 337 ΘΛ,
807 250 863 317 καὶ
886 251 1091 335 ἀνήχδωσαν

78 365 141 431 ἀπὸ
168 375 235 429 τών
258 366 304 446 Κ,
324 365 355 426 A
383 364 527 446 σημείων
555 360 623 446 [αλ]
650 358 790 445 πλευραὶ
817 368 878 425 τοῦ
904 359 1090 445 κυλίνδρου

77 473 160 558 πρὸς
183 470 289 556 ὀρθὰς
312 470 349 533 αί
369 471 454 551 ΚΜ,
474 471 552 532 ΛΝ.
593 469 845 552 δεωρήθήσεται
869 467 910 550 δή
933 465 998 530 ὑπὸ
1021 477 1092 530 τῶν

82 582 157 662 ΘΚ,
182 580 243 642 ΘΛ
270 574 413 639 ἀκτίνων
439 576 477 638 τὸ
505 576 658 638 MKAN
684 571 783 658 μέρος
809 581 869 636 τοῦ
897 573 1091 657 κυλίνδρου.

47 685 165 750 σιἰλλδι
192 680 247 747 καὶ
273 682 339 747 ὑπὸ
366 692 434 745 τών
461 685 539 764 ΕΒ,
560 683 628 760 EF
648 681 686 745 τὸ
712 682 856 745 ΖΓΒΗ.
902 682 970 744 ἔστι
994 677 1031 744 δὲ
1052 681 1092 744 τὸ

82 793 221 857 ΖΓΒΗ
239 797 299 854 τοῦ
323 791 474 852 ΜΚΛΝ
492 790 615 871 μείζον’
639 788 732 851 δοκεῖ
753 783 789 850 δὲ
812 789 953 850 ἔλασσον
975 789 1092 870 φαίνε-

81 904 177 980 σθαι,
206 895 378 980 ἐπειδήπερ
406 892 461 958 καὶ
488 896 606 978 μείζων
628 895 733 975 γωνία
755 893 775 975 ἡ
799 893 882 978 πρὸς
906 901 952 980 τῷ
978 897 1006 957 Θ
1033 901 1093 976 τής

80 1005 163 1090 πρὸς
187 992 300 1089 τῷΒῖ

565 1106 606 1171 λ’.

31 1227 65 1276 10
149 1216 272 1279 Κώνου
295 1214 419 1278 κύκλον
442 1215 574 1297 ἔχοντος
596 1215 657 1297 τήν
680 1214 779 1297 βάσιν
803 1211 858 1277 καὶ
881 1213 963 1299 πρὸς
986 1212 1094 1297 ὀρθὰς

83 1322 165 1406 αὐτῇ
188 1321 247 1385 τὸν
270 1317 371 1397 ἄξονα
393 1319 458 1384 ὑπὸ
477 1329 536 1385 τοῦ
556 1317 629 1395 ἑνὸς
647 1322 791 1404 ὄμματος
809 1317 980 1406 ὁρωμένου
1000 1321 1092 1383 ἔλατ-

81 1451 142 1492 τον
164 1426 346 1511 ήμικωνίου
370 1425 564 1510 ὀφθήσεται.

151 1536 232 1597 ἔστω
256 1544 376 1616 κῶνος,
406 1529 446 1598 οὗ
469 1533 565 1616 βάσις
587 1529 649 1617 μὲν
671 1532 689 1598 δ
712 1536 780 1596 ΒΓ
798 1533 932 1616 κύκλος,
960 1533 1093 1617 κορυφή

85 1636 122 1704 δὲ
144 1641 181 1704 τὸ
205 1645 238 1703 A
261 1651 409 1722 σημείου,
434 1640 521 1724 ὄμμα
545 1636 581 1704 δὲ
604 1643 686 1704 ἔστω
709 1640 747 1703 τὸ
771 1645 818 1721 A,
847 1637 906 1721 ἀφ’
928 1633 968 1703 οὗ
991 1654 1093 1723 προσ-

32 1756 65 1806 15
83 1743 292 1811 πιπτέτωσαν
318 1744 406 1810 ἀκτῖ-
836 1799 871 1859 B

84 1876 139 1928 νες
167 1853 204 1916 αί
227 1857 309 1936 ΛΒ,
331 1858 365 1916 A
371 1856 406 1917 F.

85 1957 141 2023 καλ
187 1955 257 2022 ἐπεὶ
306 1976 407 2045 προσ-

85 2065 294 2129 πεπτώκασιν
319 2065 408 2130 ἀκτῖ-

86 2194 141 2245 νες
173 2171 210 2234 αί
236 2174 315 2255 ΛΓ,
341 2177 408 2237 ΛΒ
458 2152 497 2212 A

34 2289 69 2339 20
87 2275 311 2360 ἐφαπτόμεναι
348 2287 408 2341 τοῦ

87 2385 165 2466 ΒΓ,
192 2383 229 2446 τὸ
253 2385 321 2446 ΒΓ
344 2385 408 2469 ἄρα

89 2491 229 2554 ἔλασσόν
239 2487 329 2553 ἐστιν
339 2489 409 2573 ήμι-

88 2597 226 2660 κυκλίου
253 2595 309 2659 διὰ
331 2596 371 2661 τὰ
394 2599 725 2684 προαποδεδειγμένα.
770 2602 928 2684 ήχδωσαν
952 2598 1016 2663 ἀπὸ
1039 2607 1097 2681 τής

89 2709 239 2787 κορυφῆς
257 2710 316 2765 τοῦ
335 2703 445 2767 κώνου
464 2713 522 2787 τής
535 2711 567 2768 Α
587 2704 638 2771 ε’πλ
657 2708 697 2772 τὰ
715 2712 754 2789 Β,
770 2710 802 2770 Γ
819 2718 935 2790 σήμεία
958 2702 1097 2791 πλευραὶ

36 2819 71 2868 25
89 2815 150 2872 τοῦ
173 2808 283 2872 κώνου
307 2809 344 2872 αί
364 2813 440 2891 AB,
463 2815 496 2872 A
502 2813 537 2874 F.
582 2813 619 2876 τὸ
643 2814 706 2898 ἄρα
733 2811 1098 2898 ε’μπεριλαμβανόμενον

89 2913 155 2979 ὑπὸ
173 2925 241 2980 τῶν
259 2920 291 2978 A
296 2919 335 2998 B,
349 2918 420 2979 AF
433 2915 575 2982 εὐθειῶν
594 2917 649 2982 καλ
667 2928 726 2983 τοῦ
740 2922 808 2984 ΒΓ
820 2918 944 3002 τομέως
962 2920 1098 2983 ἔλαττόν

836 2450 872 2509 1⁷

90 3021 181 3089 ε’στιν
203 3021 400 3106 ήμικωνίου,
427 3021 598 3111 ἐπειδήπερ
622 3023 677 3089 καλ
699 3027 737 3090 τὸ
759 3030 827 3090 ΒΓ
845 3027 984 3091 ἔλασσόν
1008 3024 1098 3088 ἐστιν
1146 3098 1151 3113 4

90 3127 297 3213 ἡμικυκλίου.
343 3129 482 3193 ἔλασσον
505 3131 569 3216 ἄρα
591 3130 774 3215 ήμικωνίου
798 3132 991 3216 ὀφθήσεται.

164 3290 188 3340 1.
207 3283 391 3356 διήχθωσαν]
411 3300 499 3354 comp.
518 3286 610 3341 BVat.
684 3294 708 3342 2.
729 3298 827 3357 σημεῖα
846 3289 909 3344 Vah.
983 3288 1024 3360 αἱ]
1045 3305 1098 3342 om.

69 3350 218 3419 ,Evam
282 3361 306 3409 3.
326 3355 401 3426 AN]
421 3360 482 3409 ΛΗ
497 3357 551 3426 Bv,
571 3361 601 3411 et
618 3359 692 3428 Vah„
712 3359 761 3413 sed
780 3377 847 3414 corr.
910 3367 935 3414 4.
955 3360 1098 3430 MKAN]

68 3424 117 3559 μί
140 3463 230 3519 τευ
248 3460 340 3516 ενα.
365 3459 405 3531 (in
422 3460 487 3517 νει.
507 3467 599 3535 σου),
627 3463 679 3534 μεν
702 3471 791 3521 KAN
810 3486 836 3522 v.
927 3471 951 3520 5.
977 3465 1049 3521 κει
1073 3485 1099 3521 v.
