2334 3788
108 126 174 190 232
318 129 528 181 οενιιοοιιυιι
545 125 723 179 ιυιοιιαειο
742 125 907 178 ΤΗιιουιε.

582 329 643 390 με.

165 430 260 497 Ἔστι
283 454 332 506 τις
355 433 455 507 τόκος
476 432 597 513 κοινός,
621 429 658 494 ε’ν
681 423 708 516 ᾧ
731 430 771 493 τὰ
795 435 850 494 ίσα
872 427 997 513 μεγέθη
1022 430 1125 518 ἄνισα

109 542 270 623 φαίνεται.

177 647 258 709 ἔστω
282 644 346 727 γὰρ
372 649 424 726 ἴση
448 641 468 725 ἡ
488 646 555 707 ΒΓ
573 650 611 727 τῇ
632 645 702 725 ΓΛ,
725 639 780 706 καὶ
803 638 878 727 περὶ
899 637 960 725 μὲν
977 642 1040 725 τὴν
1060 645 1128 706 ΒΓ

73 761 90 809 5
110 750 305 834 ἡμικύκλιον
323 750 505 836 γεγράφθω
525 750 562 814 τὸ
577 752 684 831 ΒΖΓ,
707 747 782 834 περὶ
801 744 838 812 δὲ
856 751 917 832 ιὴν
932 751 992 813 ΓΛ
1012 759 1122 832 τμῆμα

108 861 218 942 μειῖον
241 855 448 940 ἡμικυκλίου,
470 854 526 920 καὶ
549 854 797 938 ἐπεζεύχθωσαν
816 856 854 919 αί
871 859 942 938 ΖΒ,
958 858 1029 939 ΖΓ,
1051 859 1120 919 ΖΛ.

109 963 233 1028 οὐκοῦν
255 962 276 1045 ἡ
299 963 336 1028 ἐν
359 972 404 1051 τῷ
428 962 611 1050 ἡμικυκλίῳ
634 966 739 1043 γωνία
761 965 879 1046 μείζων
902 958 971 1026 ἐστὶ
999 969 1058 1045 τῆς
1085 961 1138 1033 ἐν,

108 1079 153 1157 τῷ
176 1073 299 1154 μείζονι
322 1071 472 1154 τμήματι.
509 1070 549 1134 τὰ
572 1066 609 1133 δὲ
631 1069 696 1133 ὑπὸ
719 1072 867 1153 μείζονος
890 1071 1013 1150 γωνίας
1037 1067 1121 1154 ὁρώ-

74 1254 80 1270 x
108 1200 190 1260 μενα
221 1180 353 1261 μείζονα
380 1179 545 1260 φαίνεται·
583 1178 702 1259 μείζων
734 1176 797 1260 ἄρα
829 1173 850 1256 ἡ
877 1177 945 1238 ΒΓ
970 1183 1030 1257 τῆς
1061 1178 1122 1239 ΓΛ

56 1293 91 1342 10
110 1285 275 1367 φαίνεται·
304 1276 346 1364 ἡν
369 1278 406 1347 δὲ
427 1279 483 1345 καὶ
508 1287 570 1364 ίση.
612 1284 702 1345 ἔστιν
725 1282 790 1366 ἄρα
812 1283 912 1357 τόκος
933 1283 1062 1364 κοινός,
1087 1279 1122 1346 ἐν

109 1382 136 1475 ᾧ
159 1391 199 1452 τὰ
223 1395 277 1453 ίσα
300 1371 424 1471 μεγέθη
448 1389 547 1452 ἄνισα
570 1391 732 1471 φαίνεται.

583 1582 648 1667 με’.

165 1705 259 1771 Ἔστι
278 1730 328 1781 τις
346 1709 446 1782 τόπος
463 1710 584 1790 κοινός,
609 1705 668 1791 ἀφ’
685 1704 725 1772 οὗ
744 1709 784 1772 τὰ
803 1710 902 1773 ἄνισα
920 1706 1046 1792 μεγέθη
1067 1714 1123 1772 ίσα

109 1816 271 1897 φαίνεται.

56 1932 89 1979 15
149 1923 154 1932 '
178 1924 259 1986 ἔστω
283 1921 345 2006 γὰρ
370 1925 488 2005 μείζων
511 1920 531 2003 ἡ
552 1924 694 2004 ΒΓτὴς
714 1925 783 2005 ΓΛ,
806 1920 954 2007 καὶπερὶ
976 1918 1038 2006 μὲν
1060 1923 1123 2004 τὴν

109 2030 177 2092 ΒΓ
212 2031 322 2111 μεῖζον
358 2026 554 2111 ἡμικυκλίου
592 2037 700 2112 τμὴμα
736 2028 932 2114 γεγράφθω,
971 2025 1047 2112 περὶ
1086 2024 1123 2092 δὲ

108 2136 169 2217 τὴν
197 2137 257 2199 ΓΛ
290 2134 405 2217 ὅμοιον
435 2142 480 2220 τῷ

108 2238 184 2324 περὶ
207 2241 268 2323 ιὴν
292 2242 364 2322 ΒΓ,
389 2263 480 2303 τονι-

110 2343 178 2409 έσιι
210 2346 388 2429 δεχόμενον
417 2370 481 2428 γω-

55 2463 90 2511 20
108 2453 186 2516 νίαν
214 2455 290 2531 ίσην
312 2459 352 2534 τῇ
378 2450 413 2515 ἐν
435 2460 481 2538 τῷ

111 2558 217 2638 ΒΖΓ,
233 2555 481 2639 ἐπεζεύχθωσαν

109 2659 146 2726 οε
165 2663 202 2726 ιι
217 2666 294 2745 ΖΒ,
320 2666 395 2746 ΖΓ,
412 2668 481 2727 ΖΛ.

109 2770 233 2834 οὐκοῦν
288 2767 357 2834 ἐπεὶ
413 2776 481 2833 ἴσαι

109 2874 194 2942 είσὶν
212 2877 249 2940 αί
267 2875 303 2940 ἐν
322 2887 392 2952 τοῖς
410 2875 536 2959 ὁμοίοις
554 2877 696 2958 τμήμασι
720 2878 838 2955 γωνίαι
862 2874 1029 2956 ιἰλλὴλαις,
1054 2879 1124 2938 ίσαι

55 2995 90 3044 25
109 2981 173 3048 είσὶ
196 2979 250 3046 καὶ
273 2983 311 3046 αι’
332 2982 368 3047 ἐν
390 2994 460 3058 τοῖς
479 2985 584 3065 ΒΖΓ,
605 2984 698 3046 ΓΖΛ
721 2983 864 3064 ιμὴμασι
885 2983 1003 3061 γωνίαι
1024 2979 1123 3062 ἀλλή-

110 3093 190 3165 λαις.
230 3090 270 3153 τὰ
293 3085 330 3153 δὲ
352 3089 417 3154 ὑπὸ
442 3095 523 3153 ίσοιν
546 3099 679 3170 γωνιῶν
702 3086 851 3171 ὁρώμενα
876 3093 931 3151 ίσα
954 3089 1123 3170 φαίνεται·

181 3270 205 3318 1.
225 3264 283 3336 με’]
302 3264 349 3335 νβ’
365 3264 398 3332 V,
418 3281 436 3316 v
454 3280 489 3317 m.
507 3268 535 3328 13
555 3261 609 3330 μθ’
625 3280 643 3315 v
661 3279 697 3314 m.
714 3266 742 3328 23
763 3262 808 3330 νγ’
823 3280 850 3329 p.
933 3266 956 3313 6.
977 3258 1076 3328 μείζων
1097 3278 1122 3314 v.

146 3341 169 3389 7.
190 3332 263 3390 ἐστίν
282 3353 307 3389 v.
388 3340 412 3387 8.
433 3331 550 3403 μείζονι]
569 3329 680 3400 μείζονι
698 3350 724 3400 v,
745 3333 794 3385 sed
814 3348 881 3386 corr.
965 3336 987 3385 9.
1009 3329 1123 3402 μείζων]

109 3408 202 3475 μεῖζον
221 3425 246 3461 v.
311 3411 352 3461 12.
372 3405 432 3475 με’]
453 3404 500 3458 κδ’
515 3422 546 3472 p3
566 3404 612 3472 νγ’
628 3404 653 3456 V
672 3406 701 3456 et
718 3421 736 3455 v
754 3411 835 3471 m.1;
855 3404 884 3458 ν’
900 3421 918 3456 v
936 3421 971 3457 m.
988 3409 1011 3456 2.
1079 3407 1123 3455 13.

110 3475 169 3549 ίσα]
190 3493 273 3546 supra
293 3494 342 3531 scr.
362 3494 398 3530 m.
417 3492 470 3530 rec.
491 3475 523 3529 V.
599 3481 640 3528 15.
660 3476 753 3543 μεῖζον
772 3493 797 3529 κ.
