2334 3788
114 132 180 196 254
546 135 702 187 εοΗοικα

115 279 189 359 ἔχει,
204 275 370 343 τεθέντων
384 280 559 362 συμβαίνει
572 279 633 362 τήν
644 280 778 343 ἔκθεσιν
788 277 982 365 ἐφαρμόζειν
996 277 1127 354 αὐτοῖς·

113 381 255 469 καὶγὰρ
278 385 472 469 παράλληλοί
494 384 532 449 τέ
552 386 615 450 είσι
638 385 678 449 τά
701 387 857 471 τρίγωνα,
881 382 937 448 καὶ
960 385 996 448 τὸ
1021 386 1127 447 ΒΚΛ

113 492 278 576 τρίγωνον
300 496 488 556 πλεονεκτεῖ
508 501 554 579 τῷ
572 494 667 576 μήκει
689 502 756 556 τῶν
774 494 850 574 ΒΚ,
869 495 931 554 ΒΛ
952 502 1126 577 γραμμῶν,

114 599 172 660 καί
193 596 261 661 ἐστι
285 599 341 662 διὰ
363 607 466 662 ταῦτα
490 604 564 663 ίσον
587 599 624 663 τὸ
646 596 718 681 ἔτερ
729 647 809 662 .....

78 738 93 785 5
182 722 232 786 10.
267 720 412 806 Ἐπειθή,
445 724 519 788 ὅσαι
552 721 593 787 ἀν
625 721 754 799 ἀκτῖνες
784 720 837 786 ἐπὶ
864 723 901 787 τὸ
930 725 989 786 ΓΛ
1021 738 1125 807 προσ-

112 824 267 911 πέσωσιν,
291 827 443 916 ἐξώτεραι
466 832 597 894 ἔσονται
620 838 679 893 τοῦ
700 833 768 893 ΚΛ
790 831 833 913 μή
856 832 1125 914 προσπίπτουσαι

113 933 217 1022 αὐτῷ·
241 936 324 1000 ὥστε
345 935 411 1000 ὑπὸ
434 939 598 1001 πλειόνων
621 935 737 1022 ὁρᾶται
760 937 798 1000 τὸ
822 938 892 999 ΓΛ.

180 1059 231 1124 11.
260 1057 358 1126 Ἀλλά
386 1061 540 1143 δηλονότι
565 1058 659 1145 μέχρι
682 1070 749 1124 τῶν
773 1063 818 1142 Κ,
838 1063 870 1123 Λ
895 1059 1048 1145 περάτων
1072 1059 1124 1124 ἐλ-

111 1170 236 1230 θοῦσαι
254 1170 431 1251 στήσονται
448 1164 504 1232 καὶ
522 1164 576 1250 ἐφ’
593 1163 710 1242 ἑαυτὰς
729 1165 1040 1248 ἀνακλασθήσονται

59 1289 93 1337 10
112 1275 337 1358 στηρίξουσιν,
370 1271 442 1338 ἀλλ’
473 1273 517 1348 ὡς
549 1279 653 1337 θ..τι
685 1270 754 1336 ἐπεὶ
782 1271 958 1356 ἐγγύτερόν
985 1270 1055 1336 ἐστι
1085 1273 1123 1336 τὸ

110 1380 207 1442 ΒΓΔ
220 1382 395 1464 τρίγωνον,
404 1377 459 1443 καὶ
467 1382 617 1455 πλείονες
626 1380 719 1456 ὄψεις
730 1379 836 1466 τούτῳ
845 1386 1123 1464 προσπεσοῦνται,

109 1481 165 1548 καί
183 1483 378 1562 ἀκολούθως
397 1484 628 1571 ἀκριβέστερον
642 1485 853 1572 ὁραθήσεται,
871 1483 1021 1549 τουτέστι
1040 1490 1124 1568 μᾶλ-

111 1595 171 1656 λον
194 1591 215 1675 ἢ
237 1593 274 1657 τὸ
298 1591 411 1677 ἕτερον
434 1592 644 1679 ὁραθήσεται.

179 1716 227 1779 12.
260 1718 434 1782 Πλειόνων
457 1718 566 1793 ὄψεων
588 1739 619 1798 p.
640 1716 718 1800 156,
737 1715 799 1798 23]
828 1716 859 1778 εί
880 1711 917 1779 δὲ
939 1714 1005 1779 ὑπὸ
1029 1720 1121 1779 πλει-

58 1839 90 1887 15
110 1823 198 1886 ύνων
221 1824 341 1905 ύήεων,
363 1820 418 1886 καὶ
440 1822 505 1887 ὑπὸ
529 1825 692 1886 πλειόνων
714 1832 855 1904 γωνιῶν.

488 1972 540 2037 Ad
562 1995 654 2057 prop.
677 1971 734 2037 ΠΙ.

178 2090 226 2152 13.
254 2088 351 2166 Ἴσως
378 2096 463 2154 είποι
490 2113 541 2164 τις
568 2091 624 2172 ἀν,
657 2089 715 2171 ὡς,
749 2086 859 2171 ἐπειδή
888 2087 928 2151 ού
955 2089 1056 2170 μόναι
1086 2090 1123 2152 αι’

109 2196 177 2275 ΒΓ,
196 2199 258 2258 ΒΛ
280 2199 544 2281 προσπίπτουσιν
568 2195 696 2270 ἀκτῖνες
718 2196 800 2280 πρὸς
822 2195 859 2258 τὸ
885 2196 944 2257 ΓΛ
967 2191 1120 2277 μέγεθος,

109 2297 191 2363 ἀλλὰ
209 2298 264 2364 καὶ
283 2303 379 2365 ἀλλαι
397 2306 546 2365 πλεῖσται
564 2299 683 2384 μεταξύ
702 2312 768 2365 τῶν
788 2304 882 2383 Γ,Λ,
906 2299 959 2363 ὅτε
977 2297 1119 2382 ἀφιστα-

57 2422 91 2470 20
109 2403 210 2488 μένου
242 2416 302 2471 τοῦ
331 2410 391 2471 ΓΔ
423 2405 585 2490 μεγέθους
613 2407 652 2470 ού
680 2408 857 2471 πίπτουσιν
887 2406 924 2469 αἱ
948 2408 1025 2487 ΒΓ,
1049 2409 1119 2469 ΒΛ

109 2509 246 2595 ἀκτῖνες,
264 2522 528 2598 προσπεσοῦνται
542 2514 580 2577 αί
591 2511 709 2597 μεταξὺ
724 2522 784 2576 τοῦ
798 2511 900 2597 μέσον
914 2521 1119 2597 προσπεσοῦ-

108 2633 163 2681 σαι
186 2617 322 2694 ἀκτῖνες.
360 2616 496 2702 λέγομεν
521 2614 582 2684 οὖν
604 2620 687 2703 πρὸς
709 2619 768 2682 τὸν
787 2617 873 2682 οὕτω
893 2616 1117 2702 ἀπορήσαντα,

108 2724 168 2808 ὅτι,
183 2727 214 2789 εί
225 2722 280 2789 καὶ
294 2726 377 2810 πρὸς
385 2725 504 2810 μικρὸν
519 2724 740 2810 ἀφεστηκότος
753 2733 812 2788 τοῦ
824 2726 884 2787 ΓΛ
898 2722 1061 2808 μεγέθους
1076 2725 1116 2789 ού

107 2835 354 2916 προσβαλοῦσιν
373 2833 410 2895 αι’
426 2834 499 2915 ΒΓ,
518 2836 580 2895 ΒΛ
604 2831 741 2914 ἀκτῖνες,
765 2828 837 2894 ἀλλ’
859 2831 896 2894 αί
915 2828 1035 2913 μεταξὺ
1054 2839 1116 2894 τοῦ

55 2953 88 3001 25
107 2936 219 3021 μέσου,
237 2935 292 3001 καὶ
308 2935 359 3001 ἐπὶ
373 2942 527 3002 πλεῖστον
541 2937 763 3021 ἀφεστηκότος
777 2945 836 3000 τοῦ
850 2938 1002 3000 τοιούτου
1022 2936 1115 3020 μεγέ-

105 3050 192 3120 θους
215 3042 288 3108 οὐδ’
309 3045 345 3108 αἱ
365 3042 484 3128 μεταξὺ
508 3053 567 3107 τοῦ
590 3042 692 3127 μέσου
717 3051 981 3128 προσπεσοῦνται
1001 3043 1058 3106 ὃιά
1078 3045 1115 3108 τὸ

105 3152 331 3215 πλατύνεσθαι
355 3152 391 3215 τὸ
415 3147 533 3235 μεταξὺ
557 3161 624 3214 τῶν
642 3150 803 3214 τοιούτων
822 3152 932 3227 ὄψεων
950 3149 1115 3234 διάστημα

177 3288 705 3358 ωῖωηωηωμωωω
796 3289 908 3344 1LW
1001 3288 1114 3344 νοω

141 3366 182 3414 13.
202 3360 438 3429 ΒήΜΑΓαυελο,
457 3359 522 3414 vat.
537 3378 572 3414 m.
589 3363 622 3429 2).

90 3521 94 3527 -
172 3491 262 3541 8-10
278 3503 336 3540 non
355 3483 499 3555 intellego.
573 3490 613 3538 17.
635 3484 823 3557 sl'nothqr,
844 3483 1022 3556 είτῃΒΓτῖ.
