2334 3788
282 128 493 181 orrroonun
510 130 688 183 anonusro
708 131 873 183 THEONIS.
1016 128 1082 193 231

70 277 192 357 puncto
212 273 398 358 collocetur,
415 277 448 336 et
467 273 616 337 adcidant
634 278 667 337 Δ
673 277 711 358 Β,
724 276 753 337 Β
759 277 800 359 Κ,
818 274 953 338 ducatur
972 279 1081 340 autem

74 385 149 445 ΣΛ.
185 379 296 462 itaque
320 385 340 455 L
358 383 389 443 Φ
403 410 445 431 =
461 383 508 464 Σ,
530 401 607 444 nam
625 379 659 444 in
679 380 791 444 ecdem
810 384 978 466 segmento
998 385 1082 447 sunt.

72 489 104 549 et
127 492 149 561 L
162 489 197 550 Σ
207 497 241 558 >
256 489 301 571 Β,
325 507 422 569 quare
445 485 544 550 etiam
567 491 588 560 L
606 489 637 549 Φ
651 496 685 559 >
699 489 737 550 Β.
782 507 859 571 ergo
883 490 953 551 ΚΔ
976 488 1080 553 maius

72 591 240 676 adparebit
263 591 356 656 oculo
379 591 415 655 in
440 596 466 655 Z
488 592 597 676 posito
621 614 718 676 quam
740 592 777 656 in
798 597 835 656 B.

550 841 602 906 44.

137 980 227 1047 Idem
255 986 365 1047 autem
393 981 521 1046 eueniet
549 983 662 1067 etiam,
689 981 746 1047 ubi
769 987 873 1068 recta,
899 1005 957 1066 per
985 1006 1082 1067 quam

70 1089 182 1154 oculus
193 1093 351 1173 mouetur,
361 1088 588 1174 magnitudini,
602 1111 684 1173 quae
696 1089 847 1174 cernitur,
856 1089 1012 1174 parallela
1022 1094 1081 1155 est.

139 1195 182 1260 sit
201 1195 288 1260 enim
307 1199 375 1260 ΒΓ
392 1195 620 1282 magnitudini,
643 1218 724 1280 quae
749 1196 899 1280 cernitur,
922 1201 955 1260 A
962 1201 989 1260 Z
1010 1219 1082 1281 par·

70 1302 178 1387 allela,
211 1307 244 1366 et
271 1303 306 1366 in
333 1306 369 1367 K
397 1306 487 1367 recta
514 1308 548 1367 Λ
555 1307 582 1366 Ζ
613 1303 649 1367 in
681 1303 760 1367 duas
792 1307 902 1387 partes
931 1304 1081 1388 aequales

71 1413 211 1494 secetur,
238 1409 513 1494 perpendicularis
538 1413 647 1474 autem
672 1410 818 1494 erigatur
841 1414 920 1475 ΚΝ.
968 1410 1080 1476 oculus

637 1515 741 1600 igitur
767 1515 803 1578 in
832 1520 870 1579 N
898 1517 1083 1602 collocetur,

334 1615 367 1665 Ν
507 1613 544 1662 Γ
638 1621 858 1706 ducanturque
894 1627 976 1708 ΝΛ,
1002 1628 1081 1709 ΝΖ,

80 1686 459 2173 3,,

366 1683 519 1763 v*
637 1727 759 1793 circum
782 1733 815 1792 Δ
822 1732 849 1792 Ζ
879 1733 988 1793 autem
1012 1751 1082 1814 seg-

662 1839 808 1898 mentum
839 1834 1053 1920 describatur,

637 1939 723 2022 quod
757 1939 912 2025 angulum
947 1919 1081 2020 CD-L-'A

175 1936 344 2177 A
521 1936 532 2169 l
637 2045 751 2128 capiat.
771 2045 837 2110 iam
848 2045 1001 2129 quoniam
1011 2049 1086 2110 ΚΝ

132 2193 161 2250 Δ
317 2195 360 2250 K
516 2193 538 2245 Z
637 2151 813 2215 diametrus
827 2156 886 2237 est,
904 2155 937 2215 et
956 2152 996 2216 ad
1010 2155 1086 2216 KN

637 2256 911 2342 perpendicularis
949 2257 985 2321 in
1020 2261 1083 2322 ter·

70 2365 159 2430 mino
182 2370 290 2430 erecta
314 2369 363 2430 est
384 2368 456 2450 ΒΓ,
479 2369 684 2451 segmentum
701 2369 778 2428 AN
780 2369 808 2428 Z
831 2363 991 2449 contingit
1009 2368 1080 2430 ΒΓ.

69 2472 136 2536 iam
160 2473 271 2537 oculus
295 2473 336 2536 ad
358 2479 393 2536 1⁷
414 2474 661 2555 transponatur,
688 2475 721 2535 et
744 2471 894 2537 adcidant
918 2474 993 2555 ΓΖ,
1012 2473 1082 2557 ΓΔ,

71 2578 270 2662 ducaturque
285 2582 354 2642 PZ.
381 2577 492 2661 itaque
508 2584 529 2653 L
542 2580 573 2640 Φ
585 2579 668 2658 -L-'A
679 2607 720 2630 =
732 2581 766 2641 P.
793 2599 906 2642 uerum
925 2581 1026 2653 LP>
1036 2582 1082 2665 Σ,

70 2706 168 2768 quare
193 2684 293 2748 etiam
315 2689 336 2758 L
354 2688 385 2748 Φ
400 2687 439 2765 -Ι-
456 2687 488 2747 A
506 2694 540 2755 >
556 2688 595 2747 Σ.
647 2705 727 2767 quae
755 2688 864 2748 autem
891 2685 931 2748 ab
960 2685 1080 2769 angulo

70 2791 192 2855 maiore
212 2793 393 2868 cernuntur,
416 2788 542 2852 maiora
560 2789 716 2872 adparent
735 2789 809 2873 [def.
824 2789 874 2876 4];
897 2811 995 2875 quare
1013 2784 1047 2853 Δ
1053 2794 1080 2853 Ζ

70 2897 175 2961 maius
199 2895 367 2978 adparebit
390 2895 483 2960 oculo
506 2895 542 2959 in
563 2899 603 2960 N
620 2895 729 2979 posito
753 2919 851 2981 quam
873 2896 908 2959 in
929 2899 964 2960 Γ.
1001 2917 1079 2980 ergo

69 3003 98 3067 si
118 3002 229 3067 oculus
248 3023 306 3084 per
321 3004 389 3067 ΒΓ
401 3000 619 3086 magnitudini
633 3005 667 3064 Λ
672 3005 699 3064 Ζ
717 3002 906 3086 parallelam
921 3005 1081 3086 mouetur,

71 3109 157 3193 quod
182 3109 334 3194 cernitur,
356 3106 525 3190 inaequale
549 3109 691 3192 adparet.

106 3407 427 3547 1ζ7.προβεβλήσθωσαν
450 3407 529 3477 VpV.
622 3411 663 3460 19.
688 3403 744 3460 ἐστι’
767 3424 794 3476 p.
885 3412 927 3461 20.
955 3403 1080 3481 μείζονα]

69 3500 114 3551 prr
129 3503 188 3537 ωνα
206 3500 231 3536 v,
