2334 3788
324 146 479 198 scnom
497 147 536 196 ια
555 145 723 197 Epcmms
743 144 880 196 oPTmA.
1045 138 1109 205 133

164 290 216 352 41.
249 288 392 353 Εὐθεῖαι
417 292 568 370 γίνονται
596 310 626 371 p.
650 289 707 371 36,
731 286 770 371 3]
802 297 1021 372 περιφερειῶν
1049 282 1110 370 μὲν

97 396 202 476 οὔσης
219 404 277 478 τῆς
295 403 398 478 σκιᾶς,
421 394 478 459 διὰ
497 391 533 459 δέ
551 394 609 469 τὰς
624 391 836 479 ἐξερχομένας
854 392 917 456 ἀπὸ
932 401 992 456 τοῦ
1007 395 1109 477 φωτί-

97 505 210 579 ζοντος
238 500 433 578 ἀποστάσεις
460 504 642 585 φαίνεσθαι
665 501 801 583 ταύτας,
834 500 905 575 οἵας
930 497 986 563 καὶ
1010 497 1046 562 έν
1069 509 1109 583 τῇ

98 607 230 693 εὐθείᾳ,
253 606 309 672 καί
332 603 417 672 εἶναι
440 608 603 682 τοιαύτας.

163 732 216 794 42.
251 733 395 813 Ποιήσει
422 727 484 796 οὖν
512 732 616 814 τομὴν
643 731 767 796 κύκλον
792 754 822 815 p.
847 731 903 812 36,
926 729 984 814 23]
1011 737 1110 794 τοῦτο
1147 739 1163 788 5

98 836 134 902 έν
157 849 227 913 τοῖς
250 841 451 923 Σφαιρικοῐς
473 845 533 901 τοῦ
560 837 740 902 Θεοδοσίου
765 838 934 900 δείκνυται
958 835 998 921 [1,
1022 835 1065 920 1].

164 963 216 1026 43.
250 962 299 1025 Αί
324 964 399 1045 ΓΒ,
423 966 486 1025 ΒΔ
513 963 577 1047 ίίρα
606 960 807 1045 ἐφάπτονται
830 984 862 1044 p.
881 963 938 1045 38,
965 958 998 1044 l]
1027 959 1109 1045 ητῇ

99 1067 263 1155 διαμέτρῳ
286 1069 350 1153 γὰρ
373 1077 434 1132 τοῦ
456 1069 581 1133 κύκλου
603 1069 687 1153 πρὸς
709 1067 816 1153 ὀρθὰς
840 1064 895 1131 ἀπ’
913 1067 1015 1151 ίίκρας
1033 1064 1111 1148 ίιγο-

98 1173 180 1258 μένη
205 1174 381 1258 ε’φοίπτεται
404 1183 464 1239 τοῦ
487 1177 627 1259 κύκλου,
657 1174 831 1259 διάμετρος
854 1169 890 1237 δέ
913 1172 933 1255 ἡ
958 1176 1028 1236 ΑΓ
1050 1181 1111 1236 τοῦ

100 1284 241 1344 ΓΗΔΘ
263 1283 397 1345 κύκλου.
1129 1290 1164 1339 10

164 1406 217 1470 44.
253 1404 368 1492 Ὀρθαὶ
395 1408 460 1492 ίίρα
488 1408 525 1471 αί
548 1408 631 1492 πρὸς
660 1415 706 1493 τῷ
735 1408 770 1469 K
793 1430 824 1490 p.
848 1405 906 1490 38}
928 1404 963 1488 3]
993 1405 1049 1469 διὰ
1077 1407 1113 1468 τί

98 1510 201 1597 ὀρθαὶ
234 1514 271 1576 αί
294 1514 377 1599 πρὸς
404 1522 449 1600 τῷ
477 1516 523 1592 Κ;
557 1511 626 1579 ἐπεὶ
653 1515 777 1577 κύκλου
804 1520 864 1576 τοῦ
893 1515 1026 1576 ΑΓΒΛ
1054 1509 1112 1594 ε’φ-

99 1618 242 1702 οίπτηταί
266 1643 316 1695 τις
343 1619 459 1684 εὐθεῖα
487 1620 507 1705 η
531 1625 570 1683 H
574 1624 616 1703 Θ,
648 1619 712 1683 ἀπὸ
740 1615 777 1702 δὲ
803 1627 865 1682 τοῦ
891 1617 1030 1703 κέντρου
1058 1615 1112 1682 ἐπὶ

99 1726 160 1808 την
184 1724 314 1809 έπαφην
343 1725 520 1810 έπεζεύχθη
548 1725 664 1791 εὐθεῖα
686 1725 707 1807 ἡ
730 1730 807 1808 ΒΑ,
835 1724 856 1809 ἡ
884 1723 1111 1807 ἐπιζευχθεῖσα

99 1833 163 1917 ἄρα
186 1832 327 1907 κοίθετος
349 1834 439 1897 ἔσται
463 1831 516 1896 ε’πὶ
538 1834 600 1915 τὴν
624 1830 867 1917 ἐφαπτομένην·
891 1830 979 1917 ὀρθὴ
1003 1831 1067 1914 ίίρα
1090 1829 1110 1912 η
1130 1837 1164 1887 15

99 1937 164 2001 ὑπὸ
193 1942 303 2004 ΒΑΗ.
359 1937 428 2005 ἐπεὶ
461 1936 498 2003 δὲ
530 1941 577 2015 είς
603 1940 834 2025 παραλλήλους
861 1938 919 2012 τὰς
948 1940 985 2000 Η
989 1940 1031 2019 Θ,
1051 1937 1112 2000 ΓΔ

99 2042 216 2107 εὐθεῖα
244 2044 395 2110 ἐνέπεσεν
420 2045 440 2128 ἡ
465 2049 545 2129 ΑΒ,
577 2046 597 2129 ἡ
626 2044 717 2121 ἐκτὸς
744 2047 848 2126 γωνία
875 2041 896 2126 η
923 2042 988 2107 ὑπὸ
1012 2044 1117 2107 ΒΚΓ

101 2155 155 2232 ίση
179 2148 247 2214 ἐστὶ
270 2162 310 2236 τῇ
329 2151 421 2227 έντὸς
443 2150 499 2215 καλ
518 2150 716 2216 ἀπεναντίον
734 2161 773 2236 τῇ
792 2149 857 2214 ὑπὸ
876 2152 986 2213 ΒΑΗ.
1023 2148 1111 2233 ὀρθη

101 2251 138 2320 δὲ
160 2255 181 2338 ἡ
204 2256 269 2321 ὑπὸ
289 2262 407 2322 ΒΑΗ·
432 2257 533 2344 [ὀρθὴ
557 2258 635 2344 ἄρα]
658 2256 714 2322 καί
737 2255 757 2340 η
780 2256 845 2321 ὑπὸ
864 2259 972 2345 ΒΚΓ.
1009 2252 1111 2341 ὀρθαὶ

100 2364 164 2448 ἄρα
188 2363 225 2427 αί
245 2365 328 2448 πρὸς
350 2365 387 2428 τὸ
411 2367 451 2428 Κ.
1129 2370 1164 2421 20

166 2488 219 2551 45.
248 2485 330 2552 Ὑπὸ
353 2498 413 2552 τοῦ
439 2493 467 2552 Θ
491 2487 636 2573 ὄμματος
657 2487 811 2572 βλέπεται
833 2488 941 2572 p.40‚
961 2485 1017 2570 10]
1043 2495 1113 2561 πῶς

100 2593 165 2657 ὑπὸ
189 2591 335 2677 ὄμματος
356 2603 416 2659 τοῦ
441 2598 469 2658 Θ
491 2593 644 2678 βλέπεται
667 2595 704 2658 τὸ
724 2597 792 2658 ΚΑ
814 2591 912 2679 μέρος
935 2602 992 2675 της
1014 2594 1112 2676 σφαί-

102 2723 176 2784 ρας;
222 2698 291 2779 ἐπεὶ
313 2698 389 2785 περὶ
412 2700 590 2785 διοίμετρον
612 2701 673 2783 τὴν
697 2705 729 2763 Α
736 2704 765 2764 Θ
787 2700 907 2775 κύκλος
929 2698 947 2764 ὁ
970 2699 1115 2761 ΑΛΘΚ

101 2804 282 2891 γέγραπται
304 2804 433 2889 τέμνων
455 2807 514 2870 τὸν
536 2805 598 2890 [Ε]
606 2809 701 2870 ΓΔΖ
724 2806 848 2870 κύκλον
866 2806 949 2869 κατδι
966 2805 1006 2868 τὰ
1025 2807 1067 2888 K,
1081 2806 1113 2867 Α
1140 2875 1143 2879 ,

102 2910 263 2996 [σημελα],
291 2910 355 2975 ἀπὸ
381 2908 418 2976 δὲ
440 2920 500 2975 τοῦ
524 2911 585 2996 [Α]
613 2915 750 2997 σημείου
775 2911 849 2996 [τοῦ
872 2909 1025 2997 πέρατος]
1053 2917 1111 2994 τῆς
1129 2917 1164 2968 2⁶

101 3017 280 3103 διαμέτρου
304 3017 378 3101 [τοῦ
397 3021 462 3082 ΑΛ
469 3018 552 3103 Θ]Κ
571 3019 694 3083 κύκλου
719 3016 772 3083 ἐπὶ
791 3017 845 3102 [τὰ
864 3020 905 3100 Α,
920 3014 969 3099 K]
994 3025 1111 3099 σημεῖα

100 3126 255 3207 ἤχθησαν
282 3123 411 3188 εὐθεῖαι
438 3126 476 3188 αί
496 3130 528 3188 Α
534 3128 579 3209 Α,
601 3127 685 3208 ΑΚ,
712 3121 767 3188 καὶ
795 3122 859 3188 ἀπὸ
884 3131 944 3187 τοῦ
968 3119 1111 3206 [ἑτέρου]

172 3269 215 3317 41.
235 3263 282 3316 Vb.
349 3269 390 3317 42.
410 3263 456 3318 V¹.
520 3268 562 3318 43.
582 3263 627 3318 V¹.
691 3267 734 3317 44.
753 3262 792 3316 V¹
812 3260 943 3315 deletum.
1003 3264 1046 3316 45.
1065 3259 1111 3314 V¹.

173 3412 197 3461 2.
218 3403 278 3476 δαί]
298 3421 365 3460 corr.
386 3421 419 3457 ex
438 3406 520 3459 διταῖ
593 3410 634 3459 13,
655 3405 726 3475 ΗΘ]
746 3407 777 3457 Η
793 3419 808 3457 ο
827 3419 896 3457 corr.
968 3407 1011 3457 23.
1030 3398 1113 3475 περί]

103 3467 151 3549 θ.
224 3495 289 3565 κο]
310 3495 374 3548 κο.
448 3488 927 3566 ιτιααιηιοηειοοεε,
1102 3488 1120 3521 -2

88 3603 211 3719 4155(aess
