2334 3788
74 115 138 178 114
411 112 582 165 ωοοεωιε
601 114 739 168 ονειοε.

72 261 109 324 αί
124 264 201 341 ΛΖ,
217 264 282 323 ΖΔ
301 270 367 324 τῶν
387 263 459 344 ΖΒ,
475 263 540 323 ΖΕ
560 257 721 324 ἐλάσσονα
739 260 866 340 γωνίαν
883 255 1083 343 περιέχουσι,

44 368 181 450 ιμειῖον
209 366 273 450 ὄρα
299 367 336 430 τὸ
361 370 427 430 ΒΕ
452 374 512 430 τοῦ
535 371 605 430 ΑΔ
632 362 792 455 βλέπεται.
844 363 903 429 ἐὰν
931 367 995 449 ἀρα
1021 366 1084 448 τὴν

73 477 138 536 ΖΕ
159 472 275 536 ἀκτῖνα
292 471 567 555 προσεκβοίλωμεν
586 469 636 536 ἐπ’
735 454 739 463 ’

72 578 214 661 εὐθείας,
239 579 288 643 ὄτι
312 576 365 642 ἐπὶ
386 589 454 642 τῶν
476 580 635 663 ἰσοταχῶς

37 684 265 770 ὅφερομένων
294 685 330 749 τὸ
358 682 418 768 μὲν
441 690 469 750 Β
497 683 550 749 ἐπὶ
577 694 635 769 τῆς

73 797 137 856 ΖΕ
158 790 289 867 ἀκτῖνος
307 791 354 876 εξ
371 788 525 856 κωλυθὲν
540 791 634 857 ὑστε-

71 910 124 984 ρεῖ
154 900 217 984 ἀρα
247 909 314 962 τῶν
347 900 505 983 ἰσοταχῶς
536 923 634 985 φερο-

71 1003 180 1089 μένων
202 1005 243 1068 τὰ
263 1007 375 1090 πόρρω
400 1006 493 1071 δοκεῖ
510 1006 635 1092 βραδύ·

71 1134 168 1198 τερον
191 1109 361 1197 φέρεσθαι.

20 1336 54 1385 10
495 1323 649 1404 Ἄλλως.

141 1444 300 1532 Φερέσθω
333 1448 394 1512 δύο
427 1459 543 1532 σημεῖα
574 1451 615 1513 τὰ
645 1454 743 1534 A‚B
775 1447 829 1514 ἐπὶ
861 1450 1082 1535 παραλλήλων

72 1553 215 1618 εὐθειῶν
237 1565 304 1618 τῶν
325 1559 401 1636 ΛΔ,
421 1558 486 1618 ΒΕ
515 1554 658 1638 ὁμαλῶς·
690 1556 748 1631 τὰς
777 1561 848 1632 ίσας
871 1556 935 1642 ἀρα
961 1554 997 1620 ἐν
1021 1561 1081 1643 ίσῳ

72 1661 183 1746 χρόνῳ
212 1660 445 1724 διελεύσονται.
492 1662 637 1726 έστωσαν
665 1657 728 1727 οὖν
757 1666 824 1726 ίσαι
852 1662 889 1725 αί
909 1666 984 1744 ΑΔ,
1008 1664 1082 1744 ΒΕ,

72 1763 127 1830 καὶ
153 1764 447 1851 προσπιπτέτωσαν
476 1766 605 1843 ἀκτῖνες
636 1767 700 1833 ἀπὸ
728 1775 787 1831 τοῦ
817 1772 844 1831 Ζ
877 1769 1020 1851 ὄμματος
1047 1767 1085 1831 αί

20 1883 53 1932 16
75 1877 153 1956 ΖΛ,
178 1877 250 1955 ΖΔ,
275 1876 350 1955 ΖΒ,
375 1877 445 1936 ΖΕ.
493 1871 561 1938 ἐπεὶ
588 1869 650 1940 οὖν
678 1873 822 1939 έλάττων
848 1873 869 1956 ἡ
891 1873 957 1938 ὑπὸ
981 1877 1082 1937 ΑΖΔ

73 1987 130 2063 τῆς
151 1978 217 2043 ὑπὸ
242 1983 341 2043 ΒΖΕ
362 1983 499 2063 γωνίας,
527 1983 662 2046 έλαττον
685 1983 749 2067 ἀρα
771 1982 808 2045 τὸ
831 1985 897 2043 ΑΛ
920 1980 1083 2063 διάστημα

73 2093 133 2148 τοῦ
165 2089 231 2149 ΒΕ
262 2089 451 2169 φανήσεται.
513 2088 595 2153 ὥστε
627 2085 712 2165 δόξει
744 2089 781 2152 τὸ
814 2092 846 2150 Α
877 2086 1083 2170 βραδύτερον

74 2189 244 2275 φέρεσθαι.

549 2333 608 2400 κε’.

20 2466 56 2517 20
102 2445 109 2479 δ
146 2459 212 2521 Τοῦ
241 2459 383 2541 ὄμματος
409 2456 581 2541 μένοντος,
609 2468 675 2523 τῶν
703 2455 740 2523 δὲ
762 2461 871 2537 ὄψεων
893 2478 1082 2544 παραφερο-

73 2561 197 2646 μένων,
220 2564 261 2627 τά
283 2566 395 2650 πόρρω
419 2574 487 2629 τῶν
510 2563 687 2648 ὁρωμένων
708 2567 963 2630 καταλείπεσθαι
984 2563 1081 2642 δόξει.

140 2671 222 2734 ἔστω
246 2669 396 2755 ὁρώμενα
418 2671 458 2734 τδι
476 2676 519 2754 A,
537 2674 569 2736 Γ
588 2669 639 2735 ἐπὶ
658 2671 800 2737 εὐθειῶν
819 2673 899 2736 ὄντα
917 2681 985 2735 τῶν
1003 2676 1035 2734 Α
1041 2675 1081 2753 Β,

23 2832 25 2836 .
75 2778 150 2859 ΓΔ,
183 2777 270 2860 ὄμμα
302 2773 338 2839 δὲ
370 2779 451 2841 έστω
484 2776 521 2841 τὸ
549 2782 593 2860 Ε,
626 2776 685 2861 ἀφ’
705 2774 756 2863 ἱοὗ
787 2776 1081 2863 προσπιπτέτωσαν

74 2880 201 2957 ἀκτῖνες
219 2883 256 2945 αί
267 2885 339 2966 ΕΓ,
353 2888 431 2966 ΕΛ,
445 2887 521 2967 ΕΛ,
535 2889 608 2949 ΕΒ.
645 2882 740 2967 λέγω,
763 2884 813 2949 ὄτι
832 2885 869 2948 τὸ
887 2884 970 2970 πρὸς
988 2891 1033 2970 τῷ
1049 2889 1081 2947 Α

21 2997 55 3046 25
73 2990 327 3053 καταλείπεσθαι
355 2987 451 3067 δόξει.
505 2992 802 3075 προσεκβεβλήσθω
830 2988 850 3072 ἡ
876 2994 954 3072 ΕΛ,
986 2989 1081 3074 ὄχρις
1123 3040 1129 3079 4

146 3259 169 3306 1.
192 3253 252 3323 ZB]
272 3256 323 3306 BZ
340 3271 375 3307 m.
458 3259 483 3311 2.
506 3253 571 3323 ΑΔ]
591 3269 658 3307 corr.
678 3268 712 3306 ex
731 3258 784 3307 ΒΔ
801 3252 865 3306 Vat.
939 3249 1079 3323 βλέπεται]

73 3319 196 3377 λείπεται
214 3323 294 3378 codd.
367 3329 391 3377 6.
410 3323 478 3377 Post
497 3341 509 3376 ε
528 3323 630 3377 lacuna
652 3323 680 3395 ¹s³
701 3322 749 3377 lin.
768 3323 906 3390 Πειθὼ
933 3341 945 3376 ε
966 3339 1018 3376 om.
1038 3321 1080 3375 1ο-

74 3410 146 3448 cuna
164 3393 264 3447 relicta
281 3394 426 3448 Vat.¹vm.
500 3400 523 3448 ἵ.
543 3393 610 3466 ἀρα]
629 3393 664 3448 τὰ
680 3394 773 3464 πόρρω
792 3394 848 3462 ἀρα
865 3412 901 3448 m.
976 3399 1017 3447 11.
1037 3392 1078 3459 ξζ’

74 3464 139 3518 add.
157 3465 191 3533 V,
216 3464 256 3529 ξε’
272 3464 426 3519 m.2Vat.
512 3463 547 3518 τὰ
565 3471 600 3534 A,
615 3466 648 3536 Β]
668 3483 720 3520 om.
740 3484 775 3520 m.
867 3470 909 3519 12.
928 3471 989 3534 ΑΔ,
1009 3464 1079 3534 ΒΕ]
