2334 3788
72 109 116 173 24
412 111 582 164 EUOLIDIS
602 111 739 164 ΟΡΓΙΟΔ.

71 254 220 339 ὕπερθεν
252 257 405 338 φαίνεται
437 264 483 342 τῷ
513 260 545 319 A
551 259 578 318 Z
610 254 752 339 μεγέθει.
807 257 1012 339 μετακείσθω
1045 257 1088 320 τὸ

73 364 160 446 ὄμμα
189 359 351 448 ἐγγυτέρω
378 360 433 427 καὶ
461 365 542 426 ἐστω
571 362 608 426 τὸ
632 365 681 446 Η,
710 359 768 446 ἀφ’
790 357 830 427 οὗ
853 360 1088 447 προσπιπτέτω

73 467 164 544 ἀκτὶς
187 469 243 533 ὃιά
266 478 325 533 τοῦ
350 473 382 534 Γ
403 468 424 551 ἡ
447 472 527 532 ΗΘ.
577 466 647 533 ἐπεὶ
674 464 736 534 οὖν
763 468 828 533 ὑπὸ
856 477 916 532 τοῦ
939 470 1087 553 ὄμματος

72 574 128 641 καὶ
151 584 209 659 της
230 579 271 639 Η
273 580 306 670 Θ,
324 574 457 651 ἀκτῖνος
479 577 632 658 φαίνεται
655 576 692 640 τὸ
717 579 777 640 ΓΔ
800 574 855 640 καὶ
878 576 915 640 τὸ
940 579 1017 659 ΘΒ,
1045 576 1085 640 τὸ

13 697 54 765 ,μ
73 686 139 746 ΑΒ
162 684 226 768 ἀρα
248 690 308 746 τοῦ
328 685 390 746 ΓΔ
412 684 521 765 μεῖζον
544 683 726 765 φανήσεται
748 690 793 769 τῷ
813 687 845 746 Α
852 686 889 747 Θ.
931 680 1086 765 ἐβλέπετο

74 784 111 852 δέ
133 787 198 852 ὑπὸ
222 797 282 852 τοῦ
304 792 336 851 Ε
362 797 406 874 τῷ
430 794 462 852 Α
470 792 497 850 Ζ
524 790 647 871 μεῖζον,
675 791 784 872 μεῖζον
808 785 844 853 δέ
866 789 904 853 τὸ
927 793 996 852 ΑΘ
1022 797 1085 852 τοῦ

73 900 105 959 Α
111 899 148 958 Ζ.
184 897 382 980 προσιόντος
399 891 460 978 μὲν
478 895 543 980 ἀρα
561 903 620 958 τοῦ
640 896 783 979 ὄμματος
801 898 910 979 μεῖζον
928 896 965 958 τὸ
983 894 1086 980 ὑπερ-

74 1003 278 1085 φαινόμενον
310 1003 463 1083 φαίνεται
502 1002 641 1083 μείζονι,
678 999 834 1076 ἀπιόντος
866 996 903 1065 δέ
935 999 1087 1065 ἐλάττονι

74 1108 243 1192 [φαίνεται
266 1107 303 1170 τὸ
326 1105 616 1191 ὑπερφαινόμενον
638 1107 772 1191 μεῖζον]

21 1299 54 1348 ιο
552 1282 605 1352 ις’.

132 1404 214 1472 Ὅσα
241 1406 393 1488 ἀλλήλων
419 1406 570 1492 ὑπερέχει
599 1406 707 1471 ἐπάνω
736 1416 795 1472 τοῦ
819 1410 963 1493 ὄμματος
985 1410 1087 1473 ἀνισα

73 1512 213 1599 μεγέθη,
240 1514 438 1598 προσιόντος
462 1507 523 1597 μὲν
546 1521 605 1576 τοῦ
629 1515 773 1598 ὄμματος
797 1512 950 1578 ἐλάσσονι
974 1518 1086 1598 μεῖζον

74 1623 227 1706 φαίνεται
250 1620 287 1683 τὸ
310 1618 609 1703 ὑπερφαινόμενον,
633 1619 789 1695 ἀπιόντος
811 1616 848 1684 δὲ
870 1623 1003 1704 μείζονι.

141 1729 222 1792 ἔστω
246 1727 344 1791 άνισα
367 1724 491 1810 μεγέθη
515 1725 555 1790 τά
574 1729 650 1809 ΑΒ,
669 1728 740 1809 ΓΔ,
764 1721 811 1791 ὧν
829 1730 939 1811 μειῖον
957 1728 994 1791 τὸ
1009 1731 1087 1791 ΑΒ.

21 1848 54 1896 15
74 1836 156 1900 ἔστω
176 1835 263 1918 ὄμμα
281 1833 318 1897 τὸ
337 1836 377 1916 Ε,
401 1830 460 1916 ἀφ’
481 1827 522 1897 οὗ
544 1831 773 1918 προσπιπτέτω
793 1830 884 1908 ἀκτὶς
902 1833 959 1897 διὰ
977 1842 1037 1897 τοῦ
1058 1836 1093 1897 Γ

73 1940 190 2024 ηΕΖ.
233 1936 302 2004 ἐπεὶ
325 1934 387 2004 οὖν
409 1937 475 2002 ὑπὸ

73 2056 131 2130 τῆς
153 2050 217 2110 ΕΖ
240 2045 372 2120 ἀκτῖνος
395 2044 475 2108 ἀπο-
534 2030 597 2164 θ’]

73 2153 273 2238 λαμβάνεται
314 2151 354 2215 τά
399 2155 475 2234 ΖΒ,
541 2212 544 2217 ,

74 2264 136 2325 ΓΛ
164 2257 303 2344 μεγέθη,
335 2258 375 2321 τά
402 2262 476 2341 ΒΖ,
535 2249 562 2306 2

19 2380 54 2429 20
74 2371 135 2432 ΓΔ
158 2367 222 2451 ἀρα
246 2370 301 2428 ἴσα
322 2363 476 2445 ἀλληλοις

73 2475 236 2558 φαίνεται.
273 2472 310 2534 τὸ
326 2474 392 2534 ΑΒ
412 2471 476 2556 ἀρα

73 2587 133 2643 τοῦ
162 2581 222 2642 ΓΔ
258 2579 369 2661 μεῖζον
400 2581 476 2661 φαί-
578 2557 593 2605 ”

73 2708 164 2750 νεται
183 2693 228 2771 τῷ
247 2688 279 2747 Α
285 2687 312 2746 Ζ
335 2681 476 2767 μεγέθει.

73 2793 254 2877 προσηχθω
291 2790 332 2872 δὴ
370 2791 406 2854 τὸ
440 2792 527 2875 ὄμμα
560 2788 722 2875 ε’γγντέρω
759 2787 814 2853 καὶ
847 2792 928 2853 ἐστω
965 2790 1002 2854 τὸ
1035 2793 1087 2870 Η,

20 2910 54 2959 25
74 2896 133 2982 ἀφ’
161 2893 202 2963 οὗ
233 2895 461 2982 προσπιπτέτω
494 2895 585 2972 ἀκτὶς
613 2896 669 2959 διά
695 2904 755 2960 τοῦ
784 2899 817 2960 Γ
842 2894 863 2977 ἡ
891 2898 970 2959 ΗΘ.
1016 2894 1087 2960 ἐπεὶ

50 3000 136 3095 Ιοὖν
171 3003 237 3068 ὑπὸ
273 3012 331 3087 τῆς
362 3007 401 3067 Η
409 3007 437 3067 Θ
473 3002 604 3078 ἀκτῖνος
636 3001 901 3086 ἀπολαμβάνεται
933 3003 973 3065 τά
1005 3007 1086 3085 ΒΘ,

76 3115 151 3195 ΓΔ,
183 3111 248 3175 ὑπὸ
277 3107 314 3175 δὲ
341 3118 398 3192 τῆς
425 3112 488 3172 ΕΖ
516 3109 556 3171 τά
586 3112 662 3192 ΖΒ,
686 3111 761 3190 ΓΔ,
796 3111 865 3173 ἔστι
893 3105 930 3173 δὲ
957 3109 994 3173 τὸ
1020 3113 1085 3173 ΖΑ

74 3227 134 3282 τοῦ
166 3222 237 3282 ΑΘ
271 3219 397 3301 μεῖζον,
433 3216 631 3299 προσιόντος
661 3210 722 3299 μὲν
754 3216 818 3300 ἀρα
849 3222 909 3279 τοῦ
943 3217 1089 3300 ὄμματος

73 3335 286 3343 ι-----

146 3397 169 3445 1.
190 3387 296 3460 μεγέθη
315 3408 340 3444 v.
421 3394 445 3442 3.
465 3367 568 3458 ὄόατος
585 3406 611 3457 V,
631 3392 664 3443 ub
682 3405 774 3458 saepe.
856 3395 880 3443 4.
899 3389 931 3444 τὸ
952 3394 1001 3445 ΓΔ
1019 3388 1086 3463 καί]

73 3481 130 3532 mg.
149 3461 282 3530 ΜΒ,
312 3478 364 3514 om.
384 3460 443 3530 Bv,
470 3461 630 3516 m.2Vat.
724 3459 886 3531 &min
906 3478 960 3515 rae.
979 3462 1012 3515 V.
