2334 3788
450 129 620 182 EUCLIDIS
638 130 780 186 OPTIGA.
1058 130 1119 194 121

109 285 144 346 et
174 280 312 366 angulus
344 301 408 346 ore
439 281 559 367 angulo
592 282 652 347 bae
682 282 825 366 aequalis
858 284 920 345 est.
976 277 1118 362 aequalis

109 388 280 472 apparebit
307 408 352 470 op
379 387 410 452 ei
442 409 523 471 quae
556 393 606 453 est
633 388 684 453 bd.
740 410 869 452 rursum
898 385 1051 471 quoniam
1075 404 1121 468 qa

111 495 242 578 quidem
265 493 295 558 ei
318 516 400 578 quae
424 499 474 558 est
492 494 532 560 ab
551 495 705 580 aequalis,
727 500 759 559 et
777 514 820 560 aa
843 494 872 558 ei
896 515 978 577 quae
1001 495 1052 556 ert
1069 491 1121 577 ad,

111 601 168 665 sed
187 601 287 665 etiam
305 601 349 665 ub
369 600 399 665 ei
422 622 505 685 quae
524 605 575 666 est
590 602 646 686 qd,
668 606 734 665 tres
754 621 831 685 ergo
849 600 955 664 tribus
970 599 1119 684 aequales

111 712 198 792 sunt,
221 711 255 773 et
276 708 414 792 angulus
434 707 562 793 angulo.
600 707 732 791 aequale
751 728 829 793 ergo
848 706 1017 791 apparebit
1033 705 1119 770 latus
1161 726 1167 757 ε

109 813 216 895 lateri,
239 818 277 878 ut
299 819 332 879 et
355 813 481 898 reliqua
503 814 608 878 latera
631 812 779 898 aequalia
801 812 1013 898 apparebunt.

183 989 217 1056 si
244 1013 322 1055 uero
351 1013 447 1075 super
473 995 661 1056 oontaotum
688 990 920 1056 diametrorum
947 985 1121 1074 coniugata

112 1097 241 1162 eleuata
267 1102 357 1163 reeta
384 1119 443 1162 neo
470 1097 746 1182 perpendicularis
775 1097 911 1182 ebipedo
941 1096 1121 1181 spatiorum

110 1205 149 1268 in
186 1209 339 1270 eontaotu
375 1204 606 1269 diametrorum
641 1226 702 1268 neo
738 1205 778 1267 ad
814 1208 921 1268 rectos
958 1224 1027 1267 erse
1062 1223 1122 1267 nee

114 1312 258 1395 aequalis
276 1312 405 1395 utrique
423 1334 443 1375 a
456 1315 609 1376 contactu
629 1311 669 1375 ad
684 1311 820 1396 angulos
835 1309 1000 1395 tetragoni
1013 1309 1122 1374 dueta·
1141 1317 1167 1366 1Ι

113 1440 188 1482 rum
210 1439 269 1482 nee
293 1419 429 1502 angulos
452 1417 574 1482 faciens
597 1417 746 1501 aequales
770 1438 844 1481 oum
862 1416 953 1501 ipsis,
974 1415 1123 1480 diametri

114 1523 302 1608 inaequales
330 1524 541 1609 apparebunt.
592 1524 742 1588 similiter
773 1523 860 1588 enim
892 1521 1126 1587 demonstrabi-

117 1653 189 1695 mus
213 1631 445 1716 contingentia,
468 1631 738 1715 quemadmodum
759 1630 795 1694 in
818 1629 1037 1695 circularibus.
