2334 3788
93 127 158 192 130
319 129 476 183 scnom
493 131 532 183 m
549 130 720 182 EUcles
739 129 877 182 OPTIOA.

90 281 150 338 τοῦ
169 270 308 359 κέντρου
328 273 522 339 ἀπόστασιν·
547 274 757 357 δειχθήσεται
775 273 795 357 ἡ
817 276 879 338 ΘΒ
903 282 942 358 τῇ
961 276 1024 337 ΒΑ
1048 278 1104 356 ἴση

91 378 189 462 καὶὴ
213 383 283 444 ΚΓ
301 388 340 464 τῇ
365 384 433 445 ΓΛ.

157 505 209 568 21.
251 506 376 582 Μεῖζον
407 526 437 588 p.
467 505 522 589 14,
551 504 611 589 15]
651 504 695 581 ὡς
726 501 887 590 περιέχον.
940 501 1105 568 Ἕλαττον

91 634 122 695 p.
144 613 194 695 14,
216 609 270 694 16]
294 609 339 687 ὡς
361 613 603 696 περιεχόμενον.

54 745 71 794 5
157 735 209 798 22.
240 732 307 798 Καὶ
326 734 370 811 ὡς
388 733 409 817 ν]
428 739 494 799 ΑΒ
512 740 580 800 κτλ.
598 759 629 820 p.
651 736 700 818 14,
721 734 777 819 25]
803 735 961 817 ἰσογώνια
979 734 1043 818 γὰρ
1063 735 1105 798 τὰ

89 845 206 923 ΕΑΒ,
230 844 331 904 ΕΖΔ
357 843 517 926 τρίγωνα,
550 841 600 906 6τι
628 842 648 925 ἡ
670 841 736 906 ὑπὸ
758 845 859 905 ΕΛΖ
889 846 942 922 ἴση
970 839 1040 905 ἐστὶ
1063 849 1104 926 τῇ

89 946 155 1011 ὑπὸ
174 951 284 1011 ΕΒΑ·
308 944 494 1031 ἐμπέπτωκε
517 948 579 1034 γὰρ
604 948 720 1014 εὐθεῖα
742 947 762 1031 η
780 951 845 1012 ΕΒ
869 950 916 1024 εἴς
935 948 1104 1032 παραλλή-

90 1057 170 1129 λους
197 1052 255 1129 τὰς
279 1057 353 1136 ΓΛ,
376 1057 456 1118 ΑΒ·
488 1051 543 1118 καὶ
570 1054 671 1119 πάλιν
698 1053 763 1137 η’
746 1055 811 1118 οπὸ
839 1058 942 1118 ΕΖΔ
969 1062 1009 1138 τῇ
1036 1052 1104 1117 ὑπὸ

89 1159 221 1244 Ε[Α]Β
246 1158 364 1244 [ἐστιν]
390 1165 444 1244 ἴση
473 1161 529 1224 διὰ
557 1161 618 1245 την
641 1159 745 1244 αὐτην
768 1184 789 1225 α
792 1159 936 1243 ἴτίαν,η
960 1156 1105 1244 δὲπρὸς

39 1277 72 1328 10
90 1274 136 1353 τῷ
160 1270 192 1330 Ε
216 1268 312 1350 κοινη
340 1264 395 1331 καὶ
418 1265 625 1352 ἀμφοτέροις.
671 1277 739 1331 τῶν
765 1263 839 1330 δὲ’
826 1268 1011 1348 ισογωνίων
1033 1287 1104 1348 τρι-

91 1372 211 1453 γώνων
234 1396 255 1436 α
257 1372 366 1459 ἴπερὶ
388 1374 446 1450 τὰς
466 1379 538 1450 ἴσας
561 1375 684 1455 γωνίας
702 1371 842 1457 πλευραὶ
861 1371 1027 1454 ἀνάλογον
1046 1372 1103 1435 διὰ

90 1479 128 1542 τὸ
153 1475 186 1541 δ’
205 1486 265 1542 τοῦ
289 1477 320 1546 ς’
344 1490 411 1544 τῶν
434 1482 625 1563 Στοιχεῖων.
663 1478 708 1554 ὡς
725 1479 745 1562 ἡ
764 1483 830 1543 ΑΒ
855 1475 916 1544 οὖν
933 1479 1017 1564 πρὸς
1040 1479 1102 1561 τὴν

91 1587 170 1669 ΒΕ,
197 1583 219 1667 ἡ
247 1589 312 1648 ΖΛ
338 1587 422 1671 πρὸς
449 1587 510 1669 τὴν
537 1590 621 1650 ΔΕ·
651 1582 707 1649 καὶ
735 1583 887 1668 ἐναλλάξ,
919 1585 964 1662 ὡς
991 1582 1011 1666 ν]
1035 1587 1104 1648 ΑΒ

90 1691 174 1777 πρὸς
197 1693 257 1775 την
277 1696 352 1777 ΖΔ,
376 1691 396 1774 ἡ
416 1696 482 1756 ΒΕ
501 1693 584 1778 πρὸς
607 1694 668 1776 την
686 1697 769 1757 ΔΕ·
794 1692 872 1778 ὅπερ
897 1693 964 1756 ἔδει
988 1688 1103 1768 δεῖξαι.

38 1829 72 1878 15
158 1815 209 1880 23.
247 1818 321 1879 Τῶν
344 1819 419 1901 ΑΓ,
437 1820 504 1880 ΑΔ
526 1840 556 1901 p.
578 1815 705 1900 18,10]
730 1817 885 1899 δηλονότι
909 1814 1061 1880 ἀκτίνων.

159 1940 210 2004 24.
247 1942 354 2005 Κοῖλα
377 1943 559 2024 φανήσεται
586 1963 617 2025 p.
643 1942 684 2006 18
690 1992 699 2024 ,
719 1939 775 2024 14]
803 1948 863 2004 τοῦ
889 1937 1104 2025 πορρωτέρου

93 2046 197 2131 ἄκρου
220 2046 461 2132 μετεωροτέρον
485 2044 700 2131 φαινομένου.

158 2170 211 2234 25.
240 2168 296 2246 Ὡς
317 2173 463 2256 πόρισμα
486 2179 584 2235 τοῦτο
608 2170 740 2252 ἐπάγειν
763 2172 862 2235 δοκεῖ.

160 2295 212 2359 26.
249 2297 487 2380 Ταπεινότερον
506 2297 659 2378 φαίνεται
682 2316 714 2378 p.
729 2295 781 2378 20,
802 2293 835 2377 1]
858 2292 913 2358 καὶ
937 2294 1000 2379 γὰρ
1022 2296 1105 2378 πρό-

39 2415 75 2464 20
93 2421 220 2484 χειρον,
252 2400 303 2465 ὅτι
334 2401 374 2465 τὰ
406 2400 471 2465 ὑπὸ
503 2399 744 2484 ταπεινοτέρων
776 2400 919 2466 ἀκτίνων
952 2400 1106 2485 ὁρώμενα

93 2508 306 2593 ταπεινότερα
329 2510 491 2592 φαίνεται.

161 2631 213 2694 27.
245 2634 384 2709 Μείζονι
406 2652 437 2714 p.
457 2631 510 2715 24,
530 2629 585 2714 13]
610 2632 733 2714 μείζονι
755 2627 953 2715 ὑπερφέρον.

160 2756 212 2819 28.
235 2752 309 2819 Ἴσα
332 2753 486 2836 ἀλληλοις
508 2756 662 2838 φαίνεται
684 2775 715 2837 p.
735 2755 790 2838 24,
811 2752 867 2836 20]
895 2754 950 2817 διὰ
973 2754 1106 2837 πλάνην

92 2861 154 2943 τὴν
177 2870 234 2945 τῆς
257 2859 372 2956 ὅψεως.

38 3000 74 3050 25
161 2987 212 3051 29.
245 2983 355 3071 Μέχρι
379 2993 439 3050 τοῦ
460 2990 493 3049 Λ
521 2983 665 3069 ὄμματος
687 3008 718 3070 p.
743 2985 794 3068 28,
819 2984 853 3068 2]
878 2985 922 3060 ὡς
950 2984 1105 3051 κάτωθεν

94 3116 153 3176 της
175 3104 315 3168 ακτῖνος.

166 3254 207 3302 21.
227 3245 268 3303 Vb
288 3265 372 3318 sura
391 3265 441 3303 scr
524 3253 565 3303 22.
585 3246 633 3303 Vb.
716 3254 758 3302 23
778 3248 906 3302 V¹Va5¹.
990 3255 1032 3303 24.
1052 3248 1103 3304 Vb.

129 3325 171 3374 25
191 3319 236 3375 V
310 3326 351 3376 26.
371 3318 419 3375 Vb.
493 3325 534 3373 27.
554 3316 602 3373 Vb.
670 3326 712 3375 28.
732 3319 780 3373 Vb.
853 3325 894 3373 29.
914 3318 962 3373 Vb.

156 3421 305 3428 ...——-——

156 3483 200 3531 13.
220 3480 299 3552 ΔΕ]
314 3483 376 3536 ΑΕ.
454 3485 493 3535 16
513 3477 616 3535 ἀκτίων
596 3501 634 3535 ων
654 3478 783 3549 δηλονότι
801 3479 886 3535 Va5¹.
