2334 3788
503 111 735 163 CATOPPRICA.

586 305 651 390 κβ’.

179 429 233 496 Ἐν
265 444 333 508 τοῖς
364 442 498 518 κυρτοῖς
530 430 702 517 ἐνόπτροις
738 430 802 495 άπὸ
835 441 902 495 τῶν
935 429 1129 495 ἐλασσόνων

111 537 280 623 ἐνόπτρων
304 537 465 602 ἐλάσσονα
488 537 640 621 φαίνεται
663 538 703 601 τά
726 538 855 602 εἴδωλα.

177 647 258 708 ἔστω
283 656 409 730 σφαῖρα
431 647 550 727 μείζων
572 640 633 727 μὲν
656 644 676 727 η
696 649 728 707 A
734 647 770 727 Γ,
794 642 943 708 ἐλάσσων
961 639 999 706 δέ
1017 641 1038 725 ἡ
1057 646 1127 706 ΕΛ

75 764 91 810 5
110 749 185 836 περὶ
208 752 246 815 τὸ
269 750 350 815 αὐτὸ
372 748 511 837 κέντρον
533 751 570 815 τὸ
596 755 638 833 Θ,
667 752 753 835 ὄμμα
781 746 817 813 δὲ
840 750 876 813 τὸ
900 753 945 832 Β,
972 747 1029 813 καὶ
1053 747 1125 813 ἐπε-

112 858 238 940 ζεύχθω
266 857 286 940 ἡ
312 861 423 938 ΒΑΘ,
455 853 510 920 καλ
537 853 601 920 άπὸ
630 864 688 938 της
714 858 858 940 σφαίρας
885 853 1125 920 άνακεκλάσθω

110 966 186 1041 ὄψις
209 962 229 1046 ἡ
248 968 276 1026 Β
283 965 351 1027 ΓΔ.
388 960 482 1045 λέγω,
506 961 556 1026 ὅτι
579 960 599 1043 ἡ
623 959 939 1045 άνακλασθησομένη
963 963 1041 1039 ὄψις
1059 961 1125 1026 άπὸ

110 1080 169 1153 της
191 1068 369 1145 ἐλάσσονος
391 1071 536 1154 σφαίρας
559 1065 611 1132 ἐπὶ
634 1069 671 1132 τὸ
694 1073 727 1132 Δ
755 1069 831 1132 οὔτε
855 1069 910 1132 διὰ
932 1076 992 1132 τοῦ
1018 1071 1051 1132 Γ
1068 1090 1126 1132 πε-

111 1187 215 1241 σεῖται
242 1177 318 1240 οὔτε
341 1173 432 1250 ἐκτὸς
460 1182 519 1238 τοῦ
544 1177 578 1239 Γ.
624 1172 766 1239 πιπτέτω
796 1175 858 1258 γάρ
882 1176 1061 1260 πρότερον,
1095 1176 1127 1240 εί

58 1294 92 1342 10
111 1283 271 1364 δυνατόν,
295 1282 350 1345 διά
373 1289 432 1345 τοῦ
457 1283 494 1363 Γ,
521 1279 576 1344 καὶ
600 1280 836 1346 ἀνακεκλάσθω
860 1281 923 1346 άπὸ
947 1290 1005 1363 τῆς
1029 1281 1125 1346 ἐλάσ-

110 1405 208 1464 σονος
232 1391 375 1472 σφαίρας
403 1385 455 1451 ἐπὶ
478 1388 515 1451 τὸ
538 1392 571 1451 Λ
598 1385 653 1451 καὶ
676 1391 757 1452 ἐστω
781 1388 802 1472 ἡ
825 1390 940 1470 ΒΕΔ,
968 1385 1024 1451 καὶ
1052 1387 1124 1453 ε’πε-

111 1497 237 1579 ζεύχθω
262 1494 325 1559 άπὸ
348 1502 407 1559 τοῦ
425 1497 454 1558 Θ
476 1491 528 1558 ἐπὶ
551 1495 588 1559 τὸ
603 1497 636 1558 Γ
653 1493 708 1559 καὶ
727 1493 936 1578 ἐκβεβλήσθω
957 1491 1011 1558 ἐπὶ
1030 1496 1066 1559 τὸ
1083 1498 1123 1560 Κ.

111 1602 186 1685 βίχα
211 1602 251 1684 δὴ
275 1612 365 1684 τεμεῖ
384 1599 404 1682 ἡ
426 1602 527 1664 &PK
546 1602 608 1684 τὴν
629 1599 695 1664 ὑπὸ
715 1611 781 1664 τῶν
800 1603 895 1664 ΒΓΑ
919 1602 1047 1682 γωνίαν
1067 1602 1125 1665 διὰ

110 1709 146 1771 τὸ
170 1708 231 1790 τὴν
254 1711 282 1770 Β
290 1709 350 1771 ΓΔ
379 1712 451 1782 ἐσας
477 1718 585 1770 ποιεῖν
613 1709 735 1788 γωνίας
762 1707 844 1792 πρὸς
866 1717 906 1792 τῇ
928 1711 1124 1793 περιφερείᾳ

58 1826 91 1873 15
111 1815 167 1878 διὰ
190 1815 250 1897 την
274 1812 463 1878 ἀνάκλασιν.
501 1813 556 1876 διὰ
579 1814 619 1877 τά
643 1813 726 1876 αὐτά
749 1809 786 1877 δέ
808 1812 863 1877 καὶ
887 1814 906 1897 ἡ
930 1812 994 1878 άπὸ
1014 1823 1073 1877 τοῦ
1095 1818 1124 1877 Θ

111 1919 163 1985 ἐπὶ
185 1921 222 1984 τὸ
239 1925 272 1984 Ε
294 1917 546 2002 ἐπιζευγνυμένη
569 1917 624 1982 καὶ
644 1919 841 2002 ἐκβληθεῖσα
862 1920 937 2003 δίχα
956 1933 1048 2004 τεμεῖ
1063 1922 1125 2002 τὴν

108 2027 173 2090 ὑπὸ
198 2031 307 2090 ΒΕΔ.
353 2024 493 2108 τεμνέτω
522 2023 577 2088 καὶ
606 2028 687 2089 ἔστω
713 2025 733 2108 ἡ
760 2030 866 2089 ΘΕΖ.
913 2024 981 2090 ἐπεὶ
1004 2029 1123 2109 μείζων

110 2130 199 2196 ἐστὶν
232 2132 252 2215 ἡ
279 2129 492 2216 περιεχομένη
521 2131 585 2195 ὑπὸ
614 2143 681 2196 τῶν
708 2136 736 2194 Β
744 2135 803 2196 ΓΔ
834 2140 892 2214 τῆς
919 2132 984 2195 ὑπὸ
1008 2135 1124 2213 ΒΕΔ,

109 2237 164 2302 καὶ
187 2238 207 2320 ἡ
230 2237 360 2323 ἡμίσεια
384 2246 441 2320 τῆς
463 2236 612 2322 ἡμισείας
634 2241 752 2320 μείζων
778 2236 867 2302 ἐστὶν
891 2238 910 2321 ἡ
933 2237 998 2301 ὑπὸ
1018 2241 1124 2302 ΒΓΚ

55 2357 89 2406 ‘20
108 2352 166 2427 τῆς
188 2343 252 2406 ὑπὸ
276 2348 381 2407 ΒΕΖ.
424 2345 492 2407 ἐστι
516 2340 552 2408 δὲ
575 2342 630 2408 καὶ
654 2343 813 2408 ἐλάσσων·
839 2344 917 2428 ὅπερ
941 2343 1119 2408 άθύνατον.

110 2450 170 2514 οὐκ
202 2451 265 2533 άρα
301 2447 370 2530 ἥξει
407 2450 462 2512 διά
494 2459 553 2513 τοῦ
587 2453 619 2514 Γ
648 2449 667 2532 ἡ
701 2449 913 2533 ἀνακλωμένη
947 2452 1023 2527 ὄψις
1057 2449 1120 2514 άπὸ

109 2565 166 2639 τῆς
190 2553 367 2630 ἐλάσσονος
391 2558 543 2640 σφαίρας.

181 2825 205 2872 1.
225 2817 356 2889 κβ”]κθ
371 2818 426 2872 Vv.
500 2823 523 2870 4
543 2798 686 2884 μειζωνκ
765 2822 787 2870 6.
809 2818 1067 2905 BAfflBeeorr.
1086 2835 1123 2885 m,

109 2893 185 2945 ΒΘΑ
204 2890 241 2944 M.
302 2889 361 2979 τῆς]
380 2897 430 2958 τῆς
447 2894 469 2941 Α
477 2893 503 2941 Γ
518 2907 552 2942 m.
627 2895 650 2942 8.
670 2889 729 2959 τῆς]
750 2905 802 2942 om.
822 2888 859 2943 M.
919 2886 1067 2950 ἐλάττονος
1086 2888 1122 2956 Μ,

108 2963 155 3014 λε
167 2979 202 3014 m.
277 2966 300 3015 9.
321 2961 385 3031 γαρ]
406 2976 559 3028 suprascr.
579 2978 615 3014 m
690 2965 730 3014 10.
752 2956 911 3049 ἐλάσσονος]
931 2962 963 3011 ελ
984 2977 1020 3013 m.
1080 2966 1120 3012 11.

110 3031 319 3102 ἐπεζεύχθω-
340 3032 443 3101 1Β.Γ]
464 3030 657 3101 ἐπιζευχθεῖσα
677 3032 718 3099 (-α
738 3045 753 3082 e
774 3030 885 3099 corr.)
871 3051 889 3099 η
910 3034 965 3082 ΒΓ
979 3048 1016 3084 m.
1081 3035 1122 3084 12.

108 3101 173 3174 καί]
194 3120 245 3158 om.
265 3121 301 3156 m.
393 3108 434 3156 13.
459 3103 525 3172 τῶν]
546 3119 598 3156 om
618 3102 688 3155 Mm.
781 3107 822 3154 14
845 3100 889 3172 τί]
910 3117 1065 3170 suprascr.
1086 3119 1122 3153 m.

145 3178 222 3227 ΒΓΔ
242 3173 364 3242 ὄψινυι.
448 3179 488 3226 1ο.
509 3170 612 3245 &W
630 3173 667 3227 M.
750 3177 791 3226 16
814 3169 879 3243 καί]
900 3174 1000 3226 ευθειοι
1019 3169 1116 3226 καί
1087 3190 1123 3226 m.

145 3245 325 3316 ἐκβληθεῖσα]
346 3244 375 3298 ἐκ
377 3241 533 3332 βαλλομέμη
553 3263 588 3298 m.
663 3249 704 3298 17.
724 3239 800 3314 ἐπεί]
820 3244 869 3296 καὶ
884 3241 944 3297 ἐπεί
962 3262 998 3297 m
1064 3252 1123 3311 μεῖ-

109 3319 156 3381 ζον
175 3335 200 3370 V.
291 3321 332 3370 18.
353 3313 547 3386 περιεχομένη]
567 3332 619 3368 om.
639 3333 675 3368 m.
761 3315 828 3403 τῶν]
849 3331 902 3369 om.
922 3333 957 3369 m.
1046 3318 1125 3368 ΒΓΔ

108 3384 197 3456 γωνία
221 3405 257 3441 m.
350 3393 391 3441 19.
410 3386 428 3455 τ]
447 3387 502 3439 υπὸ
523 3389 607 3438 ΒΓΚ
628 3394 677 3455 τῆς
694 3382 822 3455 ημισείας
840 3394 888 3455 τῆς
907 3386 961 3440 υπὸ
981 3388 1064 3439 ΒΕΖ
1087 3403 1123 3440 m.

144 3457 300 3526 η]ε..11)-
320 3464 362 3512 20.
383 3458 475 3528 ΒΕΖ]
495 3473 548 3510 om.
567 3475 603 3511 m
668 3463 710 3510 20.
732 3456 804 3512 ἐστιν
823 3458 879 3511 Vv.
947 3455 1067 3511 ἐλάττων
1086 3456 1124 3510 M.
