2334 3788
429 126 598 178 cucumis
617 127 753 179 ornei.
1055 127 1096 192 81

89 287 185 350 qnam
208 288 253 332 ea
298 242 428 332 rursum
451 268 604 352 quoniam
624 270 728 335 maior
752 271 807 354 qui
829 273 869 336 ad
893 278 905 336 t
927 277 1097 339 contentus

87 373 207 457 subet,
227 379 260 439 ta
282 395 320 438 ec
340 374 395 458 qui
415 375 454 438 ad
473 381 493 460 t,
516 380 669 440 contento
688 399 765 442 nero
786 378 846 442 sub
865 384 909 463 tp,
928 382 973 465 ta,
995 382 1098 445 maior

87 499 165 564 ergo
188 479 352 544 uidebitur
374 501 411 547 ea
434 503 531 564 quam
551 484 605 564 qd.

155 671 316 739 Curruum
337 681 428 741 rotae
447 676 642 760 aliquotiens
662 678 833 744 circulares
853 685 1018 765 apparent,
1042 682 1098 746 ali-

88 779 237 862 quotiens
260 783 486 866 parespamini.
1134 804 1151 853 5

154 890 224 950 estc
248 892 321 952 rota
344 888 449 975 apid,
476 893 509 953 et
537 891 771 974 protrahantur
799 891 948 957 diametri
975 894 1031 979 ba,
1051 896 1100 978 qd

87 996 234 1057 secantes
253 1016 287 1058 se
307 995 347 1058 ad
365 994 506 1059 inuicem
523 997 830 1081 perpendiculariter
845 999 914 1063 ade
932 1005 1098 1084 punctum,

508 1103 676 1188 iaceatqne
697 1104 807 1169 oculus
828 1104 958 1188 quidem
977 1108 1013 1171 in
1031 1108 1092 1172 ebi-

507 1211 589 1294 pedc
615 1210 735 1275 circuli.
781 1211 810 1274 si
834 1233 911 1296 ergo
939 1218 1028 1277 recta
1056 1215 1096 1278 ab

509 1317 602 1381 oculo
632 1339 728 1401 snper
753 1321 900 1381 centrum
923 1319 1095 1385 coniuncta
1115 1335 1148 1384 10

507 1445 573 1487 ncn
599 1423 873 1507 perpendicularis
901 1424 1000 1489 fuerit
1034 1427 1099 1490 ebi-

506 1530 589 1614 pedc
616 1551 676 1594 nec
704 1528 733 1592 ei
762 1552 843 1614 quae
871 1553 888 1595 e
912 1535 1022 1596 centro
1047 1554 1098 1596 ae-

507 1635 620 1719 qualis,
645 1635 794 1700 diametri
813 1658 924 1700 omnes
943 1638 1095 1721 inaequa-

505 1743 553 1806 les
599 1743 801 1826 apparebunt
850 1765 914 1806 una
965 1743 1094 1827 quidem

506 1848 655 1933 maxima,
678 1848 779 1912 altera
800 1848 930 1930 quidem
949 1849 1092 1934 minima,
1114 1866 1149 1916 15

86 1952 192 2018 omnis
216 1958 325 2019 antem
352 1955 416 2019 alia
439 1955 525 2020 inter
548 1954 721 2019 maximam
750 1958 783 2018 et
810 1953 978 2018 minimam
1001 1954 1098 2020 ducta

85 2059 149 2124 alia
168 2083 233 2124 una
251 2065 380 2126 tantum
398 2061 562 2126 uidebitur
582 2061 725 2144 aequalis
745 2083 840 2144 super
856 2060 973 2126 alteras
988 2066 1096 2146 partes

85 2166 207 2231 ductas.
254 2188 351 2250 quare
374 2173 447 2233 rota
469 2189 726 2253 parespemencs
841 2160 842 2164 ¹

151 2361 213 2426 Est
235 2363 336 2448 locus,
357 2363 392 2427 in
416 2384 479 2447 quc
499 2364 593 2428 oculo
613 2365 762 2427 manente
782 2384 830 2447 ec,
853 2363 939 2445 quod
957 2363 1096 2448 uidetur,

85 2468 284 2551 transposito
308 2469 441 2553 aequale
465 2492 605 2554 semper,
629 2469 715 2552 quod
738 2468 879 2552 uidetur,
902 2473 1046 2553 apparet.
1115 2490 1150 2540 20

151 2579 221 2640 estc
247 2576 357 2640 oculus
381 2598 411 2662 c,
434 2580 607 2661 conspecta
629 2596 707 2639 uero
727 2575 892 2659 quantitas
916 2576 966 2660 by,
991 2597 1092 2660 aquo

83 2682 231 2746 accidant
258 2682 340 2746 radii
368 2683 425 2769 ab,
447 2705 505 2767 ap,
536 2687 569 2747 et
597 2681 797 2747 describatur
826 2680 911 2746 circa
940 2682 1007 2765 adp
1035 2683 1097 2747 cir·

156 2845 181 2891 2.
205 2839 254 2909 tp]
273 2855 340 2893 corr.
361 2855 394 2893 ea
411 2857 429 2910 9
446 2840 484 2893 D.
578 2844 618 2893 12.
643 2839 726 2909 quae]
746 2837 795 2905 qui
814 2839 852 2892 D.
943 2844 985 2894 22.
1005 2838 1095 2911 circa]

87 2907 140 2961 cir-
158 2910 190 2963 ia
207 2926 261 2964 ras.
282 2910 369 2977 1111
387 2912 502 2980 saepias.

82 3067 118 3104 m.
134 3056 150 3103 2
166 3049 230 3105 Vae.
291 3056 315 3106 6.
335 3048 398 3122 μέν]
437 3050 466 3120 η’*
486 3053 550 3106 Vat.
610 3056 635 3107 8.
655 3051 764 3121 διήχθω
783 3051 879 3105 Vatr'.
941 3047 1096 3119 11111111-

85 3137 128 3174 σιν
147 3120 180 3174 A.
264 3120 387 3214 111111)
422 3120 461 3176 στ’
479 3121 516 3177 dv
534 3141 570 3177 m.
654 3127 694 3177 12.
714 3120 794 3193 πρός]
814 3121 881 3191 μήτε
902 3119 973 3187 πρός
990 3120 1095 3190 VatA,

83 3191 120 3259 μὴ
139 3191 209 3259 πρός
227 3211 252 3247 v.
334 3191 416 3262 ἢιση
438 3225 470 3232 -
491 3199 532 3248 16.
553 3190 687 3266 ἐπιπέδῳ]
711 3209 764 3247 cm.
785 3192 865 3247 codd.
955 3198 995 3246 16.
1017 3192 1095 3263 μήτε]

83 3260 113 3314 in
132 3279 184 3318 ras.
206 3264 239 3318 V.
325 3262 381 3336 ἴση]
402 3280 455 3318 om.
474 3265 600 3319 Vatdv,
686 3273 719 3335 τῇ
750 3271 799 3333 τῆς
817 3281 842 3319 v,
932 3269 972 3317 17.
992 3261 1097 3334 ἄνισοι]

83 3339 172 3387 πᾶσαι
191 3334 270 3389 codd.
355 3340 395 3389 19.
416 3331 477 3406 pice]
497 3331 549 3404 pic
568 3332 617 3403 μία
636 3335 673 3403 Α;
700 3355 751 3404 μεν
768 3335 842 3403 Vat,
862 3332 912 3402 μία
933 3334 996 3388 add.
1016 3352 1051 3388 m.
1072 3340 1095 3388 2.

119 3409 161 3459 20.
182 3405 209 3477 ὁ]
228 3407 277 3460 καὶ
297 3406 311 3461 d
330 3406 434 3461 vata,
508 3412 549 3461 22.
569 3407 621 3478 λζ’]
642 3423 694 3461 cm.
711 3425 741 3476 r,
760 3405 809 3474 pd'
824 3406 862 3473 A;
882 3405 930 3475 py'
946 3405 1009 3460 Vat.
1024 3412 1096 3475 1112,

85 3492 154 3530 corr.
173 3476 204 3529 in
222 3477 280 3546 μὸ’;
300 3477 349 3546 μς’
364 3478 396 3532 V.

133 3576 283 3629 Euclides,
301 3576 351 3619 cdd.
366 3577 471 3633 Heibcrg
486 3581 510 3622 et
524 3580 620 3634 Mcngc.
636 3580 696 3623 vn.
942 3567 964 3613 Q
