2334 3788
87 121 131 187 62
427 123 597 175 ααοιωω
616 122 753 176 οενιοε.

87 269 163 350 ΓΔ,
186 271 264 351 ΕΖ,
296 263 352 331 καὶ
384 264 632 350 ἐπεζεύχθωσαν
664 267 701 331 αἴ
725 268 797 350 ΒΓ,
821 270 898 350 ΒΕ,
921 270 999 349 ΒΔ,
1023 270 1098 332 ΒΖ.

87 371 156 438 ἐπεὶ
184 368 246 439 οὖν
273 378 327 456 ἴση
355 370 446 438 ἐστὶν
472 371 493 454 ἡ
517 377 583 437 ΖΑ
609 382 649 458 τῇ
672 375 751 457 ΑΓ,
783 375 878 456 κοινὴ
906 369 943 437 δὲ
970 373 991 456 ἡ
1019 377 1097 456 ΑΒ,

86 478 141 545 καὶ
164 478 266 565 ὀρθαὶ
293 481 331 545 αἴ
350 483 483 563 γωνίαι,
510 479 606 562 βάσις
633 481 697 565 ἀρα
720 478 740 561 η
765 483 826 543 ΖΒ
849 479 943 562 βάσει
970 489 1010 565 τῇ
1033 482 1105 543 ΒΓ

87 593 142 670 ἴση
165 586 266 671 ε’στίν,
288 584 344 651 καὶ
366 587 404 651 αί
423 583 498 672 περὶ
521 586 579 662 τάς
601 585 714 668 βάσεις
736 589 864 667 γωνίαι.
911 592 965 668 ἴση
988 587 1053 671 ἀρα
1076 585 1098 668 η

51 693 151 758 ὃύπὸ
174 703 242 759 τῶν
265 697 337 777 ΖΒ,
360 697 423 757 ΒΑ
445 702 484 778 τῇ
506 691 572 756 ὑπὸ
596 701 663 757 τῶν
686 695 762 774 ΑΒ,
781 693 852 756 ΒΓ.
898 691 1020 776 ὁμοίως
1041 689 1099 757 καὶ

85 801 106 884 ἡ
128 799 194 865 ὑπὸ
216 804 314 864 ΕΒΑ
336 810 375 885 τῇ
397 799 463 864 ὑπὸ
486 802 595 862 ΑΒΔ.
631 799 653 882 η
675 799 739 884 ἀρα
761 798 826 862 ὑπὸ
850 808 918 862 τῶν
941 800 1013 881 ΓΒ,
1032 802 1097 862 ΒΔ

87 912 141 989 ἴση
165 904 234 971 ἐστὶ
261 916 300 991 τῇ
323 905 388 970 ὑπὸ
411 917 479 969 τῶν
502 908 581 988 ΕΒ,
599 908 670 969 ΒΖ.
716 905 757 968 τά
779 902 811 968 δ’
831 903 897 969 ὑπὸ
921 915 989 969 τῶν
1013 911 1097 969 ἴσων

85 1023 217 1095 γωνιῶν
239 1011 390 1098 ὁρώμενα
414 1018 468 1077 ἴσα
487 1016 648 1096 φαίνεται.
686 1018 740 1094 ἴση
759 1013 823 1097 άρα
841 1011 861 1093 ἡ
882 1014 943 1077 ΓΔ
965 1020 1004 1096 τῇ
1022 1016 1097 1077 ΕΖ.

152 1117 216 1183 κάν
237 1119 258 1202 ἡ
282 1117 345 1183 ἀπὸ
368 1127 429 1183 τοῦ
451 1117 591 1203 κέντρον
615 1117 755 1201 ἀχθεῖσα
782 1119 826 1202 μὴ
848 1119 932 1203 πρὸς
954 1112 1096 1205 ὀρθάςῇ

34 1233 68 1282 10
86 1235 131 1314 τῷ
156 1223 309 1312 ἐπιπέδῳ,
333 1231 387 1308 ἴση
411 1221 448 1289 δὲ
470 1219 492 1310 ᾖ
514 1235 553 1310 τῇ
573 1223 608 1288 ἐκ
626 1233 686 1288 τοῦ
704 1222 854 1310 κέντρον,
878 1225 915 1289 αί
927 1225 1094 1311 διάμετροι

84 1341 187 1397 πᾶσαι
211 1338 280 1397 ἴσαι
303 1332 519 1416 φανήσονται.

152 1441 235 1502 ἔστω
253 1439 374 1514 κύκλος
392 1437 410 1503 δ
430 1439 572 1520 ΑΒΓΔ,
594 1435 650 1501 καὶ
668 1438 828 1520 ἤχθωσαν
846 1439 894 1514 εἴς
912 1437 1015 1502 αὐτὸν
1034 1437 1096 1502 δύο

85 1545 256 1629 διάμετροι
279 1546 316 1609 αἴ
332 1548 408 1627 ΑΒ,
428 1547 498 1628 ΓΔ,
521 1541 576 1609 καὶ
599 1546 681 1608 ἔστω
705 1542 725 1625 η
745 1543 808 1608 ἀπὸ
827 1553 887 1608 τοῦ
906 1548 938 1607 Ε
959 1547 1096 1627 σημείου

85 1649 286 1735 ἀναγομένη,
318 1648 371 1734 ἐφ’
397 1645 436 1732 ἧς
466 1651 503 1714 τὸ
532 1651 619 1735 ὄμμα

33 1765 66 1814 15
85 1768 188 1822 κεῖται
210 1758 248 1822 τὸ
271 1762 308 1840 Ζ,
331 1758 375 1841 μή
398 1757 481 1842 πρὸς
503 1755 619 1842 ὀρθάς,

85 1862 169 1928 ἀῖῖά
192 1869 246 1947 ἴση
270 1862 388 1949 ἑκάστη
410 1876 478 1928 τῶν
501 1862 536 1928 ε’κ
558 1871 619 1927 τοῦ

84 1968 223 2056 κέντρον
263 1970 284 2053 ἡ
325 1975 410 2054 ΖΕ,
451 1968 507 2035 καὶ
548 1969 618 2035 ἐπε-

86 2077 277 2160 ζεύχθωσαν
311 2076 440 2153 ἀκτῖνες
475 2077 513 2140 αῖ
544 2080 618 2160 ΖΑ,

87 2185 157 2265 ΖΓ,
178 2187 248 2266 ΖΒ,
269 2187 340 2247 ΖΔ.
387 2180 455 2247 ἐπεὶ
479 2179 541 2247 οὖν
564 2188 618 2265 ἴση

32 2297 67 2345 20
86 2286 176 2352 ἐστὶν
207 2287 227 2370 η
260 2292 326 2352 ΒΕ
355 2299 395 2374 τῇ
424 2292 502 2371 ΕΖ,
535 2287 619 2353 ἀλλά

85 2392 140 2458 καῖ
167 2395 187 2478 η
212 2399 279 2458 ΕΑ
307 2401 360 2478 ἴση
388 2394 457 2459 ἐστὶ
483 2405 522 2481 τῇ
545 2400 618 2477 ΕΖ,

85 2502 123 2565 αί
152 2513 239 2587 τρεῖς
266 2503 330 2587 άρα
358 2503 395 2566 αί
419 2507 496 2586 ΕΖ,
521 2508 602 2586 ΕΑ,
630 2507 694 2567 ΕΒ
728 2508 795 2567 ἴσαι
823 2503 916 2567 είσίν.
966 2503 1003 2567 τὸ
1031 2504 1096 2589 ἀρα

86 2606 122 2672 ἐν
144 2617 189 2695 τῷ
214 2608 270 2671 διά
292 2619 359 2673 τῶν
382 2613 462 2694 ΑΒ,
485 2614 549 2674 ΕΖ
580 2609 720 2698 ἐπιπέδῳ
747 2607 823 2695 περῖ
845 2610 907 2692 την
930 2614 995 2674 ΑΒ
1024 2610 1095 2673 διά-

85 2737 206 2800 μετρον
233 2713 428 2798 ἡμικύκλιον
456 2719 668 2802 γραφόμενον
696 2716 861 2782 ἐλεύσεται
889 2717 945 2779 διά
972 2724 1032 2780 τοῦ
1057 2720 1093 2781 Ζ.

33 2828 67 2877 25
86 2820 173 2906 ὀρθὴ
202 2822 265 2906 ἀρα
293 2822 313 2904 ἡ
340 2821 406 2886 ὑπὸ
434 2832 501 2886 τῶν
524 2826 605 2905 ΑΖ,
629 2826 700 2886 ΖΒ.
750 2822 871 2906 ὁμοίως
897 2819 952 2886 καὶ
979 2823 1000 2906 η
1028 2821 1094 2887 ὑπὸ

84 2977 248 2985 .---.
261 2977 297 2982 ...-

157 3056 181 3105 2.
200 3059 233 3122 τῇ
264 3057 313 3119 τῆς
331 3049 427 3104 Vat.v.
518 3049 587 3120 ΑΓ]
606 3047 707 3104 inras.
727 3048 760 3104 V.
844 3049 925 3119 κοινὴ
944 3046 975 3103 δὲ
994 3049 1012 3118 ἡ
1032 3050 1094 3120 AB]

86 3138 231 3191 suprascr.
273 3119 354 3189 3del.
366 3122 421 3174 est:
441 3118 485 3189 ἴση
502 3118 576 3173 ἐσται
590 3120 725 3190 καῖηγα
739 3129 772 3191 τῇ
786 3141 836 3176 α.
891 3127 915 3175 3.
935 3120 984 3175 καὶ
994 3118 1095 3190 γωνίαι

86 3191 173 3261 ὀρθαί
191 3193 287 3247 ναῖε.
369 3190 411 3262 αἱ]
431 3207 483 3244 om.
504 3190 569 3245 Vm.
650 3192 710 3262 ZB]
731 3195 781 3245 ΒΖ
825 3193 894 3246 εῖν.
975 3193 1044 3263 ΒΓ]
1064 3190 1095 3243 in

85 3281 138 3319 ras.
158 3264 192 3332 V,
211 3270 232 3317 A
239 3267 264 3316 Γ
279 3281 315 3317 m.
387 3268 412 3316 4.
437 3261 510 3316 ἐστιν
530 3260 574 3331 ἴση
593 3262 721 3317 Vat.vm.
799 3267 823 3317 ὅ.
842 3272 897 3317 τῶν
912 3265 1094 3336 (utrumque)]

86 3353 138 3390 om.
158 3335 373 3390 Vat.Vat.¹vm.
447 3334 508 3405 BA]
527 3339 548 3386 A
567 3332 688 3402 Vat.¹m‚
708 3339 730 3386 Β
749 3333 802 3387 del.
821 3332 916 3389 Ποῖ.
989 3335 1094 3407 ΑΒ]Β

86 3407 183 3462 deLV.
239 3409 293 3459 ΒΓ
328 3403 505 3473 ΒδοΠοῖ,
527 3403 690 3473 Γῑῖαῖῖω,
712 3404 893 3460 Pinras.V.
956 3412 978 3461 6.
1000 3409 1081 3460 ΕΒΑ

77 3482 204 3544 ΒΑΒν,
228 3479 257 3529 εἴ
300 3478 347 3546 εἴ,
368 3475 417 3530 sed
436 3491 504 3530 corr.
568 3483 601 3548 τη
619 3475 687 3548 ὑπό]
704 3478 804 3545 postea
823 3475 886 3532 add.
906 3476 940 3532 V.
1004 3408 1093 3550 ΑΒΔ]
