2334 3788
281 138 490 190 oerreoauu
508 138 685 191 anessae
704 139 870 192 annoms.
1014 136 1079 201 233

548 318 600 384 45.

137 442 243 508 Locus
269 447 319 507 est
349 441 544 527 communis,
574 442 632 506 ubi
661 442 901 527 magnitudines
930 442 1079 525 aequales

70 550 254 634 inaequales
279 551 440 634 adparent.

139 674 182 739 sit
210 673 295 738 enim
322 677 351 738 Β
358 676 443 737 Γπ·-
458 676 532 759 ΓΛ,
559 677 592 737 et
620 672 741 737 circum
769 674 837 735 ΒΓ
860 671 1080 736 semicirculus

72 782 274 847 describatur
293 784 398 867 ΒΖΓ,
416 780 537 845 circum
558 783 618 844 ΓΛ
637 782 745 844 autem
765 783 969 864 segmentum
988 779 1081 843 semi-

712 884 833 949 circulo
869 885 989 968 maius,
1026 885 1081 948 du-

713 995 890 1074 canturque
916 994 992 1077 ZB,
1012 994 1081 1076 ΖΓ,

716 1102 789 1162 ΖΛ.
817 1098 927 1182 itaque
942 1097 1079 1183 angulus

330 1259 356 1317 Ζ
712 1203 748 1268 in
770 1205 972 1270 semicirculo
996 1204 1081 1286 posi-

713 1315 766 1375 tus
800 1311 918 1397 angulo
946 1310 981 1373 in
1011 1332 1081 1397 seg-

600 1421 636 1480 A
712 1422 823 1482 mento
835 1417 957 1481 maiore
971 1415 1080 1500 posito

714 1525 818 1589 maior
863 1528 920 1588 est.
999 1545 1079 1606 quae

71 1632 180 1692 autem
205 1629 245 1692 ab
269 1628 389 1714 angulo
412 1628 534 1693 maiore
563 1634 749 1712 cernuntur,
777 1631 900 1694 maiora
925 1630 1081 1714 adparent

71 1731 147 1821 [def.
165 1735 209 1818 4].
246 1735 357 1818 iaque
376 1738 443 1799 ΒΓ
461 1736 565 1800 maior
589 1737 723 1821 adparet
746 1758 843 1820 quam
867 1740 942 1820 ΓΛ,
969 1736 1080 1800 eadem

70 1844 180 1905 autem
208 1841 351 1924 aequalis
380 1846 458 1906 erat.
505 1863 582 1928 ergo
606 1843 696 1908 locus
720 1848 770 1907 est
798 1842 992 1927 communis,
1024 1841 1080 1904 ubi

69 1947 310 2032 magnitudines
334 1948 483 2031 aequales
505 1948 690 2033 inaequales
714 1949 877 2034 adparent.

548 2162 602 2226 46.

137 2282 243 2349 Locus
263 2289 312 2349 est
332 2284 522 2370 communis,
540 2285 624 2348 unde
641 2285 881 2370 magnitudines
895 2283 1081 2367 inaequales

70 2391 221 2472 aequales
246 2390 408 2473 adparent.

138 2515 181 2577 sit
214 2513 299 2577 enim
326 2515 394 2576 ΒΓ
409 2523 443 2586 >
458 2515 533 2596 ΓΛ,
570 2517 602 2577 et
631 2513 756 2581 ,circum
784 2515 851 2577 ΒΓ
878 2516 1082 2598 segmentum

70 2620 273 2684 describatur
296 2619 500 2684 semicirculo
523 2619 638 2705 maius,
661 2620 781 2685 circum
800 2622 862 2684 ΓΛ
885 2624 993 2684 autem
1012 2640 1083 2705 seg-

70 2730 217 2790 mentum
235 2725 285 2789 illi
304 2724 418 2810 simile,
436 2726 466 2789 h.
483 2748 509 2790 e.
524 2726 611 2811 quod
630 2726 786 2812 angulum
800 2726 920 2812 angulo
933 2725 968 2788 in
984 2728 1086 2789 ΒΖΓ

69 2831 179 2916 posito
213 2833 380 2915 aequalem
408 2832 528 2917 capiat,
558 2833 779 2917 ducanturque
811 2836 886 2916 ΖΒ,
911 2835 983 2917 ΖΓ,
1008 2835 1080 2895 ΖΛ.

70 2937 226 3022 quoniam
252 2938 355 3024 igitur
383 2938 495 3025 anguli
521 2939 556 3002 in
584 2938 761 3025 segmentis
792 2937 953 3002 similibus
980 2936 1081 3022 positi

68 3045 156 3109 inter
189 3067 222 3109 se
256 3045 405 3128 aequales
438 3049 528 3131 sunt,
562 3045 661 3109 etiam
693 3044 805 3131 anguli
837 3043 872 3107 in
904 3043 1080 3128 segmentis

71 3155 176 3236 ΒΖΓ,
187 3156 282 3217 ΓΖΛ
295 3151 397 3237 positi
410 3152 496 3216 inter
508 3174 542 3216 se
557 3153 706 3235 aequales
722 3155 806 3216 sunt.
830 3172 910 3234 quae
921 3154 1029 3214 autem
1040 3151 1080 3214 ab

69 3259 199 3344 angulis
213 3258 402 3344 aequalibus
417 3261 600 3343 cemuntur‚
615 3258 762 3343 aequalia
777 3258 934 3340 adparent
949 3255 1025 3341 [def.
1035 3256 1080 3341 4].

70 3366 165 3430 oculo
188 3367 290 3452 igitur
312 3365 348 3429 in
373 3369 399 3428 Z
421 3367 542 3450 puncto
565 3364 673 3448 posito
693 3367 760 3428 ΒΓ
779 3363 996 3448 magnitudini
1019 3366 1081 3427 ΓΔ

69 3472 214 3555 aequalis
248 3471 429 3558 adparebit3
466 3471 577 3535 eadem
609 3475 720 3536 autem
753 3470 860 3535 maior
891 3474 959 3532 ast.
1009 3488 1096 3543 sm
