2334 3788
113 106 156 170 γι
452 107 622 159 Ευοιιιοιε
642 107 781 171 ομυιοι.

112 251 191 325 ,ΞΜ
237 249 257 333 N
287 251 351 336 άρα
381 251 464 337 πρὸς
491 260 537 338 τῳ
556 249 596 324 ’Ξ
623 253 729 333 γωνία
761 250 781 334 N
813 248 1026 336 περιεχομένη
1059 249 1125 314 ὑπὸ

109 369 176 423 τῶν
195 357 274 437 ΛΞ,
296 357 373 431 ΞΜ
390 357 534 423 εὐθειῶν
556 363 611 441 ίση
634 355 703 422 ἐστὶ
725 367 765 444 τῇ
783 358 866 443 πρὸς
884 365 929 444 τῳ
949 360 980 419 Ε
1001 359 1124 444 σημείῳ

108 473 148 549 τῇ
171 462 385 549 περιεχομένη
408 462 473 528 ὑπὸ
496 472 557 528 τοῦ
580 469 612 528 Ε
632 461 777 528 καὶτῶν
801 467 838 545 Γ,
857 468 898 526 Δ.
936 462 1124 528 συνεστάτω

108 571 191 655 πρὸς
218 580 258 656 τῇ
286 574 361 636 AN
384 569 501 657 εὐθείᾳ
527 567 583 635 καί
611 579 656 658 τῶ
685 575 724 635 Ν
747 573 869 657 σημείῳ
897 578 937 655 τῇ
964 569 1029 634 ὑπὸ
1057 581 1125 635 τῶν

75 681 193 760 5ΗΖ,
219 682 283 741 ΖΕ
315 683 368 760 ίση
396 677 417 761 N
441 677 506 742 ὑπὸ
534 687 602 742 τῶν
625 680 706 759 AN,
729 681 808 760 ΝΟ,
841 673 896 740 καί
918 679 1043 741 κείσθω
1068 682 1123 759 ίση

108 792 149 869 τῇ
172 788 236 848 ΕΖ
265 782 285 866 N
309 788 394 867 ΝΟ,
423 780 479 847 καὶ
507 784 758 866 ἐπεζεύχθωσαν
785 784 822 847 αί
848 787 923 866 ΛΟ,
949 786 1036 865 ΟΜ,
1068 779 1124 847 ναὶ

109 891 366 975 περιγεγράφθω
381 888 457 975 περί
470 891 507 954 τὸ
522 893 639 955 ΛΟΜ
650 894 815 972 τρίγωνον
829 897 937 973 τμῆμα
950 890 988 954 τὸ
1003 892 1123 954 ΛΟΜ

110 999 200 1062 ἔσται
224 997 265 1080 δὴ
288 994 344 1061 καί
366 996 386 1079 N
410 998 493 1083 πρὸς
515 1005 560 1084 τῳ
582 1000 610 1060 0
633 998 755 1083 σημείῳ
780 999 884 1078 γωνιά
909 1002 963 1079 ίση
981 1005 1021 1082 τῇ
1040 997 1123 1081 πρὸς

73 1130 81 1147 ·
109 1113 154 1191 τῳ
173 1108 205 1168 Ε
225 1112 266 1188 τῇ
288 1101 353 1167 ὑπὸ
376 1113 444 1167 τῶν
462 1106 575 1167 ΗΕΘ.
605 1105 661 1184 ,ἔτι
684 1102 871 1168 συνεστάτω
890 1103 973 1182 πρὸς
991 1111 1031 1188 τῇ
1050 1105 1126 1167 AN

55 1225 92 1274 σο
111 1210 226 1297 εὐθείᾳ
252 1205 308 1273 καί
335 1218 380 1296 τῳ
409 1209 492 1293 πρὸς
514 1208 597 1294 αὐτῇ
623 1212 744 1296 σημείῳ
768 1217 814 1296 τῷ
837 1213 877 1274 Ν
899 1217 939 1294 τῇ
965 1207 1031 1273 ὑπὸ
1054 1219 1123 1273 τῶν

109 1321 212 1380 ΑΖΕ
237 1318 343 1402 γωνίᾳ
371 1321 424 1398 ίση
452 1314 472 1397 N
500 1315 564 1380 ὑπὸ
592 1326 659 1379 τῶν
684 1319 769 1398 ΛΝ,
792 1313 881 1399 ΝΠ,
912 1313 968 1379 καὶ
997 1317 1122 1379 κείσθω

109 1431 149 1508 τῇ
171 1427 235 1486 ΕΖ
264 1428 318 1504 ίση
345 1421 365 1504 N
388 1427 477 1506 NH,
505 1419 560 1486 καὶ
588 1421 836 1506 ἐπεζεύχθωσαν
863 1424 901 1487 αί
926 1426 1009 1506 ΛΠ,
1033 1425 1123 1505 ΠΜ,

108 1527 163 1593 καί
194 1528 452 1614 περιγεγράφθω
489 1526 565 1614 περί
596 1529 633 1594 τὸ
667 1532 698 1593 Λ
705 1533 744 1593 Π
747 1533 792 1594 Μ
818 1531 982 1614 τρίγωνον
1013 1537 1123 1612 τμῆμα

108 1635 231 1700 κύκλου
254 1635 292 1700 τὸ
311 1639 386 1700 ΛΠ
388 1639 435 1700 Μ
472 1637 563 1699 ἔσται
586 1636 628 1718 δὴ
650 1632 706 1699 καί
728 1633 748 1717 N
771 1636 855 1721 πρὸς
876 1645 922 1723 τῳ
941 1640 980 1700 Π
999 1637 1121 1722 σημείῳ

57 1756 90 1805 15
109 1745 213 1825 γωνία
237 1748 291 1826 ίση
314 1750 354 1829 τῇ
372 1742 436 1807 ὑπὸ
456 1746 556 1806 ΑΕΒ
580 1745 694 1828 γωνίᾳ.
727 1740 796 1807 ἐπεὶ
815 1739 877 1833 οὖν
895 1745 1013 1826 μείζων
1032 1738 1122 1805 ἐστίν

110 1848 130 1931 N
153 1849 236 1934 πρὸς
258 1857 303 1936 τῳ
328 1847 436 1932 Ξτῆς
457 1850 540 1934 πρὸς
562 1858 607 1936 τῳ
633 1853 675 1932 0,
699 1847 771 1914 ἀλλ’
793 1849 812 1932 N
836 1845 896 1933 μὲν
919 1849 1001 1934 πρὸς
1024 1856 1070 1934 τῳ
1095 1846 1125 1920 Ξ

110 1959 231 2043 σημείῳ
260 1961 315 2038 ίση
343 1965 382 2041 τῇ
409 1956 474 2020 ὑπὸ
499 1959 612 2039 ΓΕΑ,
644 1955 664 2038 N
694 1953 731 2020 N
757 1956 840 2041 πρὸς
866 1965 912 2042 τῳ
938 1959 966 2019 0
993 1963 1033 2040 τῇ
1056 1954 1121 2018 ὑπὸ

108 2066 228 2144 ΗΕΘ,
252 2065 370 2145 μείζων
393 2063 458 2147 άρα
480 2063 662 2147 φανήσεται
686 2061 705 2144 N
732 2064 792 2126 ΓΛ
814 2069 872 2145 τῆς
894 2065 974 2125 ΗΘ.
1020 2059 1121 2124 πάλιν

110 2165 178 2232 ἐπεὶ
208 2168 228 2251 N
255 2164 316 2252 μὲν
343 2169 426 2253 πρὸς
453 2177 499 2254 τῳ
525 2172 553 2233 O
581 2171 703 2256 σημείῳ
731 2171 836 2250 γωνία
863 2178 903 2253 τῇ
925 2167 990 2231 ὑπὸ
1014 2171 1122 2231 ΗΕΘ

56 2286 91 2336 20
110 2273 200 2338 ἐστιν
224 2279 292 2356 ίση,
320 2272 340 2356 N
365 2269 401 2337 N
424 2275 506 2359 πρὸς
529 2283 574 2360 τῷ
598 2279 636 2339 Π
655 2284 694 2359 τῇ
717 2274 782 2339 ὑπὸ
806 2279 922 2357 ΑΕΒ,
945 2276 1064 2358 μείζων
1087 2271 1119 2337 δ’

108 2378 128 2462 N
152 2380 235 2464 πρὸς
257 2389 302 2467 τῳ
328 2383 356 2443 0
379 2388 437 2462 της
459 2380 542 2465 πρὸς
565 2389 611 2467 τῳ
635 2385 683 2463 Π,
706 2383 824 2464 μείζων
847 2382 911 2466 άρα
933 2377 989 2444 καί
1011 2379 1031 2462 N
1054 2380 1120 2445 ὑπὸ

108 2490 214 2550 ΗΕΘ
242 2494 299 2568 της
321 2484 386 2549 ὑπὸ
410 2490 520 2550 ΑΕΒ.
566 2489 683 2570 μείζων
711 2488 776 2572 άρα
799 2489 979 2571 φανήσεται
1005 2485 1026 2569 N
1049 2489 1121 2550 ΗΘ

107 2585 166 2675 τῆς
198 2597 272 2656 ΑΒ.
329 2602 445 2657 πασῶν
476 2593 541 2678 άρα
572 2604 639 2658 τῶν
671 2594 727 2658 διά
759 2602 818 2658 τοῦ
852 2598 880 2657 Ζ
913 2590 1121 2676 διαγομένων

109 2697 251 2763 εὐθειῶν
282 2695 338 2763 καί
365 2711 535 2764 ποιουσῶν
561 2701 644 2785 πρὸς
671 2711 710 2786 τῇ
738 2706 801 2765 ΕΖ
834 2703 957 2782 γωνίας
984 2701 1120 2782 μεγίστη

55 2817 89 2867 25
108 2800 169 2889 μὲν
192 2803 376 2889 ὀφθήσεται
403 2804 423 2887 N
448 2809 522 2889 ΓΛ,
556 2805 707 2890 ἐλαχίστη
736 2802 772 2870 N
800 2805 819 2888 N
844 2810 924 2888 ΑΒ,
956 2802 1120 2870 διότικαὶ

108 2922 175 2975 τῶν
206 2913 289 2997 πρὸς
316 2920 361 2999 τῷ
390 2917 421 2976 Ε
451 2910 700 2996 συνισταμένων
728 2911 860 2994 γωνιῶν
891 2914 1026 2995 μεγίστη
1059 2909 1120 2995 μέν

109 3016 199 3082 ἐστιν
221 3017 241 3100 N
264 3017 329 3082 ὑπὸ
354 3021 471 3110 ΓΕΑ,
497 3017 649 3102 ἐλαχίστη
677 3013 714 3081 N
736 3015 756 3098 N
779 3017 844 3081 ὑπὸ
868 3022 982 3101 ΑΕΒ,
1015 3027 1053 3102 τῇ
1083 3014 1120 3081 N

179 3253 203 3302 3.
231 3248 296 3318 τοῦ]
320 3245 351 3300 τό
375 3264 400 3300 v.
490 3250 516 3299 4.
544 3245 620 3315 AN]
649 3248 710 3298 ΛΗ
729 3243 759 3296 in
781 3261 834 3298 rae.
855 3244 887 3298 V.
981 3245 1025 3315 N]
1049 3245 1119 3312 πρὸς

108 3320 178 3390 αὐτῇ
196 3336 232 3373 m.
291 3318 358 3389 τῶν]
379 3333 431 3372 om.
446 3334 482 3370 m.
555 3321 579 3370 5.
601 3320 631 3369 H
637 3315 668 3386 Z]
691 3319 745 3368 Ζο
764 3332 832 3370 corr.
843 3315 907 3370 vat.
969 3320 999 3369 H
1004 3319 1033 3383 Z,
1051 3317 1117 3386 ZE]

108 3393 197 3443 ΕΖΗ
213 3405 227 3443 e
247 3406 314 3443 corr.
335 3406 370 3442 m.
442 3396 497 3442 τῶν
516 3390 584 3455 AN,
601 3390 632 3440 N
636 3387 671 3458 Ο]
691 3389 754 3440 AN
758 3390 783 3441 Ο
800 3405 836 3440 m.
914 3383 1018 3441 κείσθω
1041 3419 1073 3427 -
1094 3392 1117 3441 6.

107 3457 155 3514 ιιαί
170 3461 242 3532 (pr.)]
267 3476 319 3514 om.
339 3477 375 3513 m.
467 3463 490 3512 7.
514 3462 612 3514 ΛΟΜ
621 3459 694 3530 (pr.)]
718 3461 816 3512 ΛΕΜ
833 3476 858 3512 v,
949 3459 1072 3528 τριγώνῳ
1092 3476 1117 3511 v,
