2334 3788
103 126 146 190 96
443 126 613 178 EUOLIDIS
633 125 770 179 och.

102 272 167 336 ὑπὸ
190 275 311 353 ΑΗΒ,
339 268 411 336 ἀλλ’
435 269 456 353 ἡ
482 269 547 335 ὑπὸ
571 273 677 334 ΑΗΒ
705 278 763 354 τῆς
785 268 849 334 ὑπὸ
874 273 971 334 ΑΔΒ
995 272 1115 354 μείζων

104 377 208 462 ἐστίν,
240 375 343 471 καλὴ
370 377 435 442 ὑπὸ
463 379 563 441 ΑΖΒ
596 378 660 460 ἄρα
691 385 749 460 τῆς
775 375 840 441 ὑπὸ
868 381 967 440 ΑΔΒ
995 379 1114 460 μείζων

104 484 203 549 ἐστίν.
249 464 304 549 καὶ
331 483 396 549 ὑπὸ
422 479 482 568 μὲν
511 493 569 566 τῆς
590 483 656 548 ὑπὸ
678 487 779 547 ΑΖΒ
807 484 844 548 τὸ
868 488 933 548 ΑΒ
961 481 1115 567 βλέπεται
1131 521 1134 526 -
1150 527 1162 561 ‚4

103 600 163 655 τοῦ
186 593 330 675 ὄμματος
353 588 404 655 ἐπὶ
429 599 488 655 τοῦ
509 595 536 654 Ζ
560 591 665 672 ὄντος,
689 589 809 674 ὁμοίως
832 586 869 655 δὲ
891 589 946 654 καὶ
969 590 1033 654 ὑπὸ
1057 599 1116 673 τῆς

70 706 86 755 ὃ
104 697 169 762 ὑπὸ
188 702 255 762 ΑΔ
261 702 288 761 Β
313 695 366 762 ἐπὶ
384 706 444 762 τοῦ
463 701 496 760 Α
519 698 624 772 ὄντος.
661 697 778 761 ὄνισον
801 698 866 783 ἄρα
889 698 926 761 τὸ
945 697 1115 781 ὁρώμενον

102 806 255 889 φαίνεται
279 803 341 869 ἀπὸ
366 815 432 868 τῶν
456 808 499 885 Δ,
519 807 555 867 Ζ.

168 908 223 974 καὶ
247 909 306 975 εἀν
328 916 409 995 τεθῇ
434 916 487 992 ἴση
511 918 550 994 τῇ
572 914 606 973 Δ
613 914 640 974 Ζ
670 909 690 992 ἡ
715 913 790 992 ΖΓ,
818 912 953 975 έλαττον
976 905 1036 993 μὲν
1058 906 1115 973 καὶ

103 1016 166 1082 ιἰπὸ
185 1025 244 1081 τοῦ
261 1020 293 1081 Γ
310 1019 463 1100 φαίνεται
480 1016 562 1100 ὄπερ
583 1014 646 1080 ιἰπὸ
666 1023 725 1079 τοῦ
746 1019 783 1097 Ζ,
807 1014 870 1079 ἀπὸ
890 1011 926 1079 δέ
944 1025 1011 1079 τῶν
1029 1018 1065 1097 Γ,
1080 1019 1114 1078 Δ

104 1128 186 1188 ἴσον.
521 1196 526 1201 v
794 1103 799 1115 ²

51 1240 84 1289 10
369 1289 371 1293 ,
576 1226 642 1312 μό’.

169 1350 246 1417 Εἰσὶ
269 1354 374 1435 τόποι,
398 1349 451 1436 ἐφ’
473 1350 532 1426 οὓς
554 1359 614 1415 τοῦ
636 1352 780 1434 ὄμματος
797 1351 1055 1436 μετατιθεμένου
1074 1353 1114 1416 τὰ

106 1464 160 1523 ἴσα
183 1456 306 1542 μεγέθη
329 1455 385 1522 καὶ
406 1469 526 1533 κοινῶς
549 1456 758 1539 ἀπολαβόντα
781 1459 902 1534 τόπονς
920 1458 1012 1534 τινας
1034 1454 1113 1523 ποτὲ

103 1560 163 1648 μὲν
188 1570 256 1647 ἴσα,
279 1561 357 1629 ποτέ
380 1560 417 1628 θλ
440 1566 539 1629 ὄνισα
562 1566 724 1648 φαίνεται.

169 1674 251 1736 ἔστω
275 1672 362 1755 ὄμμα
385 1667 445 1754 μὲν
467 1671 504 1735 τὸ
531 1674 573 1752 Θ,
596 1667 720 1752 μεγέθη
745 1666 782 1734 δέ
805 1671 844 1734 τὰ
867 1674 945 1754 ΑΒ,
963 1675 1035 1754 ΒΓ,
1058 1669 1114 1735 καὶ

51 1791 84 1840 15
102 1779 197 1862 ἤχθω
225 1777 289 1843 ιἰπὸ
317 1786 376 1842 τοῦ
407 1782 435 1841 Β
467 1778 550 1863 πρὸς
577 1775 684 1862 ὀρθὰς
711 1775 731 1858 ἡ
759 1780 823 1840 ΒΖ
856 1775 912 1842 καὶ
938 1781 1115 1863 προσεκβε-

101 1886 239 1969 βλήσθω
274 1883 327 1950 έπλ
359 1885 395 1950 τὸ
427 1889 469 1948 Α.
528 1882 676 1977 φανερὸν

104 2102 169 2161 ΖΑ
199 2096 297 2183 μέρος
324 2095 366 2161 ὄν
398 2102 480 2181 τεθῇ
512 2097 549 2160 τὸ
577 2097 674 2180 ὄμμα,

102 2205 142 2267 τὰ
173 2209 206 2267 Α
214 2208 260 2287 Β,
287 2206 358 2267 ΒΓ
394 2208 449 2266 ἴσα
485 2203 675 2286 φανήσεται.

49 2321 83 2370 20
102 2313 306 2395 μετακείσθω
343 2309 385 2390 δὴ
421 2308 457 2371 τὸ
497 2309 584 2392 ὄμμα
620 2305 675 2371 καὶ

102 2419 183 2482 ἔστω
208 2417 245 2481 τὸ
263 2420 301 2479 Ε.
343 2413 437 2498 λέγω,
460 2413 511 2477 ὄτι
533 2413 596 2478 ἀπὸ
615 2421 674 2477 τοῦ

101 2529 133 2587 E
154 2525 252 2587 ὄνισα
275 2525 436 2606 φαίνεται.
477 2516 674 2605 προσπιπτέ-

101 2647 211 2694 τωσαν
248 2628 376 2704 ἀκτῖνες
412 2629 449 2692 αλ
478 2634 511 2692 Α
520 2632 564 2710 Ε,
591 2631 674 2706 ΕΒ,

102 2738 179 2819 ΕΓ,
214 2733 270 2800 καὶ
302 2734 559 2821 περιγεγράφθω
591 2732 667 2820 περὶ
698 2735 735 2799 τὸ
766 2738 869 2799 ΑΓΕ
897 2737 1063 2821 τρίγωνον
1096 2734 1113 2799 ὁ

50 2853 83 2902 25
102 2844 246 2907 ΑΕΛΓ
262 2844 395 2926 κύκλος,
427 2841 482 2906 καλ
509 2844 807 2926 προσεκβεβλήσθω
835 2851 874 2926 τῇ
900 2845 962 2905 ΕΒ
991 2841 1011 2925 ἡ
1034 2844 1112 2904 ΒΗ

103 2947 171 3014 ἐπεὶ
203 2944 265 3014 οὖν
299 2954 353 3032 ἴση
381 2948 401 3031 ἡ
429 2954 499 3013 ΑΔ
530 2945 721 3034 περιφέρεια
746 2957 785 3033 τῇ
812 2950 885 3011 ΔΓ
911 2950 1112 3033 περιφερείᾳ,

103 3059 220 3140 μείζων
249 3052 286 3119 δὲ
312 3054 332 3137 ἡ
360 3058 470 3120 ΑΔΗ
494 3053 685 3139 περιφέρεια
713 3062 770 3136 τῆς
794 3055 868 3117 ΗΓ
893 3055 1113 3139 περιφερείας,

175 3272 197 3319 1.
218 3267 310 3335 μεῖζον
329 3283 355 3320 v,
442 3270 465 3319 2.
493 3261 549 3317 ἐστι’
566 3263 697 3318 Vatm.
779 3265 872 3331 μεῖζον
890 3281 915 3317 V.
1007 3268 1031 3317 3.
1057 3260 1113 3316 ἐστι’

102 3336 230 3390 Ῡοόωω.
312 3334 461 3406 &malm
481 3352 533 3389 om.
553 3353 578 3390 v.
662 3341 686 3390 4.
706 3331 770 3459 καλέ
789 3335 838 3389 καὶ
856 3334 873 3403 ἡ
893 3351 918 3387 v.
1001 3338 1024 3387 5.
1044 3332 1111 3404 ὑπό]

103 3407 156 3461 del.
176 3426 212 3462 m.
232 3413 248 3461 λ
267 3407 341 3477 Vah,
362 3424 414 3461 om.
434 3407 501 3461 Vm.
575 3412 598 3461 6.
618 3405 687 3477 ἀπό]
707 3406 746 3459 ὑπ
781 3405 861 3459 codd.
940 3411 963 3459 7.
983 3404 1013 3475 ἡ]
1033 3413 1066 3475 τῇ
1086 3422 1110 3457 v.

136 3476 259 3533 ἐλάττων
277 3496 313 3534 m.
376 3483 400 3532 8.
422 3479 532 3550 r(pr.)]
553 3481 585 3532 N
600 3495 625 3532 ν.
689 3480 729 3530 10.
750 3476 811 3548 526‘]
832 3493 883 3531 om.
904 3493 929 3545 V,
948 3476 1044 3544 κδ’ὄ,
1064 3475 1111 3545 νβ’
