2334 3788
82 125 149 189 ’180
294 128 504 181 OPPIOORUM
522 130 699 182 RECENSIO
718 129 886 183 THEONIS.

559 289 622 373 κβ’.

147 400 223 467 Ἐὰν
246 403 283 468 ἐν
305 413 351 492 τῷ
374 404 463 493 αὐτῷ
487 404 645 493 έπιπέδφ,
674 406 710 471 ἐν
733 399 761 494 ᾧ
783 407 820 470 τὸ
845 407 945 490 ὄμμα,
968 405 1095 469 κύκλου

81 507 274 594 περιφέρεια
296 517 393 595 τεθῇ,
425 510 541 576 εὐθεῖα
567 515 700 597 γραμμὴ
728 512 749 595 ἡ
772 520 833 577 τοῦ
855 512 979 577 κύκλου
1003 532 1096 597 περι-

82 614 198 701 φέρεια
221 628 383 700 φανεῖται.
688 630 692 637 ’

47 733 63 782 5
149 725 230 787 ε”στω
255 724 317 808 γὰρ
340 721 532 810 περιφέρεια
555 723 575 806 ἡ
599 728 671 808 ΒΓ,
701 726 788 810 ὄμμα
812 721 849 790 δὲ
871 724 908 789 τὸ
931 729 965 789 Δ
987 723 1024 788 έν
1047 734 1094 811 τῷ

82 828 171 917 αὐτῷ
201 827 342 917 ἐπιπέδῳ
370 829 411 894 δν
437 840 477 915 τῇ
504 833 572 894 ΒΓ
598 835 804 918 περιφερείᾳ,
838 829 897 915 ἀφ’
923 827 964 896 οὗ
991 848 1095 916 προσ-

81 933 291 1000 πιπτέτωσαν
335 937 429 1017 ύψεις
473 936 511 1000 αί

81 1046 162 1125 ΑΒ,
192 1046 273 1124 ΖΔ,
302 1044 377 1106 ΛΓ.
434 1042 508 1107 οὐκ·
560 997 593 1057 B

81 1156 160 1230 οῦν,
196 1145 265 1212 ἐπεὶ
294 1159 362 1213 τῶν
389 1147 509 1234 δρωμὲ·
622 1045 814 1331 ΖΞ
903 1129 1019 1242 ἒ
1056 1167 1085 1221 A

30 1266 63 1315 10
82 1278 152 1318 νων
175 1251 274 1318 οὐδὲν
296 1255 362 1339 δίμα
380 1255 508 1341 ὁρᾶται,
570 1316 601 1374 I,

82 1359 143 1424 οὐκ
165 1359 208 1424 ἂν
231 1362 384 1443 φαίνοιτο
405 1359 426 1442 ἡ
446 1365 509 1424 ΖΒ

81 1463 288 1551 περιφέρεια,
320 1466 360 1529 τὰ
388 1463 425 1531 δὲ
449 1471 491 1549 Ζ,
515 1472 544 1531 Β
573 1463 706 1552 πέρατα.
761 1465 849 1545 δόξει
881 1469 944 1554 ἄρα
976 1469 996 1552 ἡ
1030 1474 1092 1533 ΖΒ

81 1570 274 1657 περιφέρεια
301 1572 417 1637 εὐθεῖα
444 1568 538 1638 εἶναι.
585 1572 706 1656 ὁμοίως
733 1570 770 1638 δὲ
793 1571 848 1638 καὶ
870 1573 890 1657 ἡ
916 1566 986 1639 ΖΓ.
1032 1576 1092 1658 ὅλη

81 1680 146 1764 ἄρα
168 1677 188 1761 ἡ
212 1681 281 1743 ΒΓ
297 1673 489 1766 περιφέρεια
512 1680 628 1745 εὐθεῖα
651 1677 739 1756 δόξει
762 1674 857 1744 εἶναι.

29 1867 62 1915 15
553 1847 617 1930 κγ’.

149 1957 306 2039 Σφαίρας
329 1954 483 2020 ὁπωσοῦν
501 1953 669 2039 ὁρωμένης
690 1953 755 2018 ὑπὸ
775 1952 928 2030 τοῦὲνὸς
950 1956 1094 2038 ὄμματος

81 2062 218 2124 ἔλαττον
241 2059 305 2124 αιέλ
327 2061 546 2146 ἡμισφαιρίου
570 2060 766 2144 ὀφθήσεται,
789 2059 870 2124 αύτὸ
895 2058 931 2125 δὲ
952 2063 988 2125 τὸ
1008 2060 1092 2147 δρώ-

82 2190 184 2250 μενον
205 2176 263 2249 τῇς
286 2169 429 2252 σφαίρας
452 2167 517 2237 ὑπὸ
535 2168 660 2231 κύκλου
679 2169 911 2252 περιεχόμενον
929 2171 1092 2252 φαίνεται.

148 2275 229 2336 ἔστω
253 2274 316 2358 γὰρ
341 2284 476 2359 σφαῖρα,
499 2267 538 2354 ἧς
561 2271 699 2356 κέντρον
722 2275 804 2336 ἔστω
823 2275 860 2337 τὸ
880 2277 921 2356 Κ,
944 2276 1031 2358 ύμμα
1055 2271 1092 2339 δέ

27 2389 62 2438 20
81 2381 163 2443 ἔστω
191 2379 228 2442 τὸ
255 2383 300 2462 Β,
334 2376 388 2442 καὶ
417 2378 599 2461 ἐπεζεύχθω
628 2378 648 2459 ἡ
676 2382 757 2461 ΒΚ,
789 2377 844 2442 καὶ
876 2381 958 2464 πρὸς
985 2380 1092 2466 ὀρθὰς

81 2484 164 2569 αὐτῇ
190 2485 285 2567 ἤχθω
315 2485 370 2547 διδι
398 2493 457 2547 τοῦ
486 2488 520 2546 Κ
544 2484 564 2566 ἡ
589 2487 703 2567 ΓΚΛ,
731 2483 787 2549 καὶ
815 2484 1025 2568 ἐκβεβλήσθω
1053 2489 1091 2550 τὸ

81 2591 137 2654 διὰ
155 2600 222 2654 τῶν
240 2593 316 2673 ΒΚ,
332 2593 433 2654 ΓΚΔ
453 2589 619 2654 ἐπίπεδον·
642 2593 773 2673 ποιήσει
792 2593 833 2675 δὴ
853 2590 889 2656 έν
907 2601 946 2676 τῇ
965 2595 1092 2679 σφαίρᾳ

80 2696 212 2760 κύκλον.
246 2699 378 2760 ποιείτω
398 2697 439 2779 δὴ
458 2697 517 2761 τὸν
533 2700 679 2780 MAN,
698 2696 773 2783 περὶ
793 2694 829 2762 δέ
847 2701 908 2782 τὴν
922 2702 986 2762 ΚΒ
1005 2699 1092 2782 [διοί-

80 2801 214 2888 μετρον]
237 2803 358 2879 κύκλος
379 2802 577 2888 γεγράφθω,
605 2801 659 2867 καὶ
683 2803 931 2888 ἐπεζεύχθωσαν
958 2807 995 2869 αί
1014 2808 1091 2887 ΚΖ,

27 2921 61 2970 25
82 2914 153 2991 ΖΒ,
172 2912 253 2984 ΒΛ,
276 2912 358 2992 ΛΚ,
378 2914 451 2974 ΛΖ.
498 2910 622 2975 οὐκοῦν
646 2909 714 2974 ἐπεὶ
737 2911 841 2996 ὀρθαί
862 2914 947 2977 είσιν
970 2913 1007 2976 αί
1025 2912 1090 2977 ὑπὸ

154 3054 178 3101 4.
199 3049 341 3119 φανεῖται]
362 3065 429 3103 corr.
446 3065 479 3102 ex
499 3046 632 3117 φαίνεται
649 3067 684 3103 m.
703 3049 764 3104 lV.
821 3055 845 3104 5.
864 3049 908 3120 τό]
928 3054 964 3121 τῷ
983 3068 1008 3104 v.
1065 3055 1090 3104 6.

80 3118 385 3174 3v1n1·as.m.1v.
445 3125 469 3174 9.
490 3118 566 3191 ἐπεί]
587 3116 632 3173 ἐπί
650 3138 676 3188 V,
697 3123 725 3173 et
743 3120 776 3188 V,
796 3121 846 3173 sed
865 3138 932 3175 corr.
994 3126 1034 3174 12.
1055 3120 1090 3174 τδι

79 3188 111 3244 δέ
142 3193 210 3245 mut.
230 3190 260 3242 in
278 3189 347 3244 ἀλλὰ
366 3190 438 3259 μόνα
457 3188 493 3243 τύ
512 3209 547 3244 m.
566 3207 620 3246 ree.
640 3191 672 3245 V.
744 3197 784 3246 17.
804 3189 849 3245 ἀεί
867 3210 894 3260 p.
960 3197 1001 3245 19.
1023 3191 1089 3245 ἔστω

80 3261 163 3332 (alm
184 3261 238 3316 del.
257 3279 293 3316 m.
313 3278 366 3316 rec.
386 3262 418 3316 V.
492 3267 534 3315 21.
554 3261 596 3333 τό]
616 3261 646 3314 in
664 3279 717 3316 εοε.
733 3262 766 3317 V.
839 3267 881 3317 22.
903 3264 999 3334 ΓΚΔ]
1019 3279 1089 3317 corr.

80 3348 114 3386 ex
132 3338 158 3386 Δ
176 3351 211 3388 m.
231 3349 284 3387 rec.
304 3332 337 3388 V.
410 3337 453 3386 23.
472 3330 579 3386 ποιείτο
599 3351 624 3387 V.
696 3332 758 3403 τόν]
777 3333 808 3386 τό
827 3352 852 3387 v.
914 3335 1039 3405 ΓΔΛΝ]
1062 3337 1094 3387 Ν

79 3405 147 3457 mut.
166 3403 197 3456 in
218 3407 239 3456 Z
257 3423 292 3458 m.
311 3420 364 3457 rec.
385 3403 417 3471 V,
440 3407 461 3456 Z
480 3403 543 3458 add.
563 3423 598 3458 m.
619 3411 634 3458 2
654 3422 680 3472 p.
754 3401 915 3475 διάμετρον]
935 3423 970 3459 m.
986 3422 1039 3459 rec.
1055 3406 1088 3458 V.

109 3480 151 3527 25.
173 3475 236 3545 BA]
256 3491 323 3530 corr.
345 3490 379 3528 ex
397 3478 446 3527 ΒΔ
464 3474 497 3530 V.
