2334 3788
97 128 161 192 110
437 132 608 185 EUGLIDIS
626 132 765 184 OPTIOA.

94 275 281 360 ηγούμενον
304 274 358 341 ἐπὶ
376 284 436 340 τοῦ
454 280 493 340 Ν
495 275 526 349 Ξ
544 278 724 360 γενόμενον
745 273 833 353 δόξει
858 274 1109 359 ἐπακολουθεῖν,

94 382 132 445 τὸ
156 377 193 445 δὲ
211 385 283 445 ΑΚ
304 381 557 448 ἐπακολουθοῦν
577 380 628 447 ἐπὶ
646 389 706 447 τοῦ
726 386 799 446 ΣΤ
817 384 996 466 γενόμενον
1019 379 1110 459 δόξει

94 496 323 573 προηγεῖσθαι.

572 594 637 660 να’.

60 729 76 778 5
160 717 236 784 Ἐἀν
258 744 361 784 τινων
384 718 577 805 φερομένων
600 722 763 785 πλειόνων
786 719 889 807 ἀνίσφ
913 719 1003 802 τάχει
1026 736 1108 803 συμ-

94 825 325 912 παραφέριχται
357 825 409 891 ε’πῖ
437 828 477 891 τά
505 827 588 891 αὐτὰ
619 825 675 891 καί
702 828 739 891 τὸ
769 828 870 910 ὄμμα,
902 827 942 889 τά
969 822 1030 910 μὲν
1061 833 1108 913 τῷ

95 936 216 1017 ὄμματι
241 936 400 1018 ἰσοταχῶς
427 936 593 1019 φερόμενα
618 931 706 1011 δόξει
730 931 877 1015 ἑστάναι,
904 933 944 997 τδι
968 928 1005 996 δέ
1027 936 1108 1018 βρα-

95 1040 236 1124 δύτερον
264 1042 311 1116 είς
338 1040 536 1105 τούναντίον
564 1039 741 1125 φέρεσθαι,
774 1041 814 1104 τά
842 1035 878 1103 δέ
906 1046 1032 1104 θᾶττον
1061 1041 1109 1116 είς

95 1147 135 1210 τδι
157 1148 398 1231 προηγούμενα.

44 1267 95 1348 10,
162 1251 317 1338 φερέσθω
332 1255 394 1340 γὰρ
409 1252 513 1340 ἀνίσῳ
527 1252 617 1338 τάχει
631 1255 671 1318 τά
682 1256 821 1337 Β,Γ,Δ,
877 1241 918 1306 Β
967 1242 1008 1306 Γ
1073 1241 1107 1306 ff

95 1357 150 1423 καὶ
173 1360 362 1443 βραδύτατα
384 1357 446 1444 μέν
472 1359 626 1444 φερέσθω
650 1362 687 1424 τὸ
712 1364 755 1443 Β,
784 1361 821 1424 τὸ

96 1460 133 1528 δὲ
157 1468 189 1528 Γ
208 1466 366 1549 ἰσοταχῶς
388 1475 433 1554 τῷ
457 1469 492 1529 Κ
512 1468 645 1550 ὄμματι,
673 1467 710 1530 τὸ
734 1463 770 1530 δὲ
788 1472 822 1531 Δ

96 1577 221 1636 θᾶττον
243 1581 304 1636 τοῦ
323 1575 359 1636 Γ.
398 1571 462 1636 ἀπὸ
485 1568 522 1636 δέ
545 1582 605 1637 τοῦ
624 1576 659 1636 Κ
678 1575 821 1656 ὄμματος

95 1677 390 1762 προσπιπτέτωσαν
419 1678 547 1755 ἀκτῖνες
579 1681 616 1743 αἱ
641 1682 721 1762 ΚΒ,
746 1682 821 1762 ΚΓ,

43 1796 76 1845 15
95 1786 169 1848 KA.
206 1785 330 1849 οὐκοῦν
347 1794 393 1873 τῷ
410 1786 529 1870 ὄμματι
547 1788 822 1872 παραφερόμενον
980 1803 1028 1870 K

95 1891 132 1954 τὸ
153 1894 186 1955 Γ
203 1889 335 1956 ἑστάναι
354 1891 456 1976 δόξει,
478 1895 515 1957 τὸ
539 1889 576 1958 δέ
595 1897 624 1957 Β
647 1893 821 1957 ὑπολειπό-

95 2021 197 2081 μενον
216 2000 262 2074 είς
280 1999 477 2064 τούναντίον
494 1997 667 2085 φέρεσθαι,
685 2001 722 2063 τὸ
742 1995 779 2063 δὲ
792 2005 835 2082 Δ,
854 1997 872 2063 ὃ
887 2006 1014 2064 θᾶττον
1025 1999 1107 2065 ὑπό-

95 2127 199 2168 κειται
221 2107 359 2189 τούτων,
379 2105 540 2190 φέρεσθαι
555 2105 643 2184 δόξει
657 2109 704 2182 είς
722 2107 969 2190 τοῦμπροσθεν·
992 2111 1108 2172 πλεῖον

96 2211 159 2295 γὰρ
183 2209 246 2275 ἀπὸ
270 2213 397 2277 τούτων
421 2211 647 2294 ἀποστήσεται.

43 2398 77 2446 20
571 2388 636 2472 νβ’.

161 2509 237 2575 Ἐάν
260 2534 362 2577 τινων
386 2511 578 2596 φερομένων
601 2513 819 2597 διαφαίνηταί
838 2538 871 2578 τι
897 2516 942 2599 μὴ
968 2518 1107 2601 φερόμε-

96 2641 167 2701 νον,
191 2615 278 2695 δόξει
303 2619 339 2682 τὸ
362 2619 405 2702 μὴ
429 2621 614 2703 φερόμενον
637 2621 683 2697 είς
706 2621 747 2684 τά
768 2622 909 2685 ὄπισθεν
933 2621 1106 2705 φέρεσθαι.

164 2722 317 2808 φερέσθω
341 2726 404 2810 γάρ
427 2726 467 2789 τά
490 2730 532 2809 Β,
553 2733 599 2809 Λ,
629 2725 751 2810 μενέτω
776 2723 812 2791 δὲ
837 2729 874 2791 τὸ
899 2731 936 2811 Γ,
963 2726 1018 2792 καὶ
1042 2727 1106 2793 ἀπὸ

96 2839 156 2895 τοῦ
180 2833 323 2915 ὄμματος
341 2832 634 2916 προσπιπτέτωσαν
652 2831 781 2909 ἀκτῖνες
800 2835 837 2897 αῖ
854 2838 925 2918 ΖΒ,
946 2839 1016 2918 ΖΓ,
1035 2840 1107 2899 ΖΛ.

45 2947 78 2996 25
98 2937 222 3002 οὐκοῦν
249 2939 286 3003 τὸ
314 2935 374 3022 μὲν
397 2943 426 3003 Β
454 2942 638 3024 φερόμενον
665 2942 777 3021 έγγιον
803 2943 892 3005 ἔσται
916 2950 976 3006 τοῦ
1000 2944 1036 3024 Γ,
1068 2943 1105 3006 τὸ

98 3041 134 3108 δὲ
166 3048 199 3106 Δ
235 3043 431 3130 ἀποχωροῦν
467 3046 689 3131 πορρώτερον·
727 3048 774 3122 είς
809 3046 1006 3113 τούναντίον
1042 3049 1107 3133 ἀρα

98 3149 260 3236 φέρεσθαι
283 3149 369 3229 δόξει
392 3153 429 3217 τὸ
454 3155 489 3216 Γ.

169 3309 408 3381 2.vo1·1]v‹5vat.
476 3314 501 3362 4.
521 3308 582 3380 να’]
603 3325 655 3364 om.
671 3327 697 3378 v,
716 3310 760 3380 ξβ’
775 3309 809 3378 V,
829 3308 855 3375 ξ’
870 3309 1024 3365 m.2Vak.
1081 3317 1105 3365 ὅ.

97 3377 202 3435 ἀνίσων
221 3399 246 3436 v.
338 3377 600 3452 σνμπαραφέριχται]
621 3379 868 3451 σνμπαραφέρεται
885 3383 918 3437 V.
1011 3386 1034 3436 9.
1057 3379 1105 3453 τά]

90 3501 178 3552 ειμι
196 3503 248 3541 πε.
264 3492 327 3541 ml
345 3486 409 3542 vat.
465 3492 507 3540 11.
527 3487 700 3559 μραιιεαεα]
719 3463 849 3558 ρραειεθ
869 3487 933 3543 ιιι,
989 3487 1020 3542 ει
1031 3488 1105 3558 (μμ
