2334 3788
428 132 598 184 succuus
618 132 756 184 011101.
1056 128 1098 191 31

85 275 184 340 hatur
215 275 256 339 ab
291 274 385 340 oculo
414 297 435 359 9
468 297 566 360 super
598 279 634 339 et
663 274 810 339 cathetus
840 280 887 357 pt.
946 273 1100 356 quoniam

87 412 165 476 ergo
189 390 308 456 accidit
329 390 438 454 radius
461 392 501 473 pi
529 394 561 454 et
583 389 775 475 refringitur
797 391 849 473 c'a,
881 389 922 452 ad
949 388 1099 473 aequales

87 505 226 591 angulos
254 504 436 590 repercussi
466 508 568 570 erunt.
622 503 765 587 aequalis
792 503 895 589 igitur
922 504 1060 589 angulus
1089 509 1102 568 1

86 621 207 707 angulo
226 623 249 706 i,
272 625 305 685 et
327 621 471 705 reliquus
495 642 573 706 ergo
595 620 729 703 reliquo.
768 618 1001 704 aequiangulus
1020 641 1098 705 ergo

86 738 140 820 tpc‘
166 736 316 823 trigonus
349 737 410 801 oc'b
437 736 577 822 trigono.
632 739 683 799 est
710 756 788 820 ergo
817 735 902 799 siout
926 741 966 818 pt
996 736 1035 799 ad
1062 737 1100 820 tt,
1136 744 1152 795 5

85 852 134 916 ita
163 857 196 917 et
224 852 267 917 od
295 853 336 916 ad
362 853 407 916 ba'.
454 853 509 916 sed
533 851 726 934 quantitatis
746 857 787 934 pt
811 852 852 915 ad
875 853 904 915 ta'
929 851 1098 937 proportio

87 973 137 1033 est
160 973 247 1034 nota.
294 971 327 1032 et
350 969 394 1033 bo
417 989 495 1053 ergo
519 968 560 1031 ad
582 968 618 1031 bt
645 967 814 1051 proportio
839 971 889 1031 est
911 972 998 1031 nota.
1044 967 1099 1031 sed

85 1083 122 1148 bc'
142 1087 231 1148 nota.
277 1104 355 1169 ergo
379 1086 413 1147 et
436 1082 480 1145 bc
502 1086 661 1146 estnota.

157 1339 279 1404 Datam
300 1338 570 1424 profunditatem,
593 1344 715 1423 quanta
738 1344 802 1424 est,
823 1339 978 1404 inuenire.

155 1459 225 1520 esto
245 1456 322 1519 data
338 1453 543 1539 profunditas
558 1456 613 1541 ud,
632 1454 744 1518 oculus
764 1457 873 1518 autem
893 1455 937 1519 sit
950 1476 974 1538 e,
993 1455 1099 1538 sitque
1119 1465 1153 1513 10

88 1569 295 1655 propositum
327 1591 538 1655 cognoscere,
571 1574 692 1652 quanta
724 1569 775 1633 sit.
835 1570 959 1634 accidat
991 1575 1101 1634 autem

88 1687 197 1751 radius
221 1687 263 1751 ed
285 1685 455 1750 concidens
479 1685 576 1768 plano
601 1686 641 1749 ad
662 1689 819 1769 punctum
840 1686 857 1749 b
881 1691 914 1750 et
935 1685 1101 1770 profundi·

88 1802 151 1866 tati
175 1802 216 1865 ad
237 1804 395 1886 punctum
413 1801 442 1884 d,
466 1803 499 1862 et
522 1799 680 1863 adiciatur
703 1821 722 1862 a
743 1803 864 1883 puncto
884 1800 901 1865 b
923 1800 959 1863 in
977 1801 1099 1866 directo

88 1916 174 1999 boa,
198 1920 231 1980 et
253 1915 402 1979 trahatur
421 1914 497 1979 aba
519 1936 615 1999 super
634 1914 674 1979 ba
697 1914 845 1993 cathetus
864 1935 909 1980 aa.
946 1917 1100 2000 quoniam

88 2052 166 2117 ergo
184 2051 203 2096 a
221 2035 254 2094 et
272 2052 293 2095 o
312 2031 423 2115 anguli
442 2034 518 2093 sunt
537 2029 696 2115 aequales,
719 2035 752 2094 et
770 2031 787 2094 b
806 2036 919 2095 contra
938 2054 971 2096 se
990 2033 1101 2119 positi,
1119 2040 1152 2091 15

88 2146 151 2211 crit
174 2150 207 2210 et
230 2146 347 2210 tertius
370 2145 469 2210 tertio
493 2145 645 2229 aequalis.
692 2167 789 2229 quare
818 2147 941 2233 trigoni
968 2148 1105 2213 similes„

86 2260 190 2326 latera
211 2261 314 2347 igitur
336 2260 602 2344 proportionalia.
639 2265 689 2325 est
707 2261 811 2347 igitur
829 2261 913 2326 sicut
933 2284 970 2328 ez
993 2265 1034 2328 ad
1050 2265 1100 2349 ab,

88 2458 301 2466 -.—.——-—

86 2601 183 2721 Η)2.
213 2593 361 2665 aequales]
390 2593 522 2661 eaquales
546 2595 585 2648 D.
680 2601 705 2648 4.
733 2595 759 2666 t]
783 2613 850 2650 eros.
874 2597 912 2650 D.
964 2661 966 2664 Α
1008 2603 1032 2651 6,
1056 2599 1098 2670 tt]

937 2853 1096 2860 *-

88 2946 131 3041 tdt
148 2985 178 3039 B.
235 2990 258 3038 6.
280 2984 374 3054 ΗΑΒ]
394 2981 453 3054 'lud
471 3001 507 3038 m.
562 2983 606 3055 τό]
624 2993 674 3038 τοῦ
689 3003 715 3038 v.
770 2989 794 3038 8.
815 2984 882 3057 dou]
902 3004 986 3055 supra
1001 3005 1051 3042 scr.
1066 2989 1098 3043 B.
1150 2972 1152 2978 Ι

124 3062 147 3111 9.
163 3056 298 3127 AB]AH
309 3056 355 3107 Bv
369 3057 398 3108 et
411 3055 484 3124 Vct,
501 3054 550 3108 sed
564 3072 632 3109 corr.
689 3061 730 3110 10.
747 3057 812 3128 ΓΘ]
829 3060 883 3112 ΓΟ
896 3059 950 3112 Bv.
1000 3060 1099 3127 yvetot-¹

87 3127 139 3196 μός
157 3126 214 3181 ἐστι
232 3127 356 3181 BVat.v.
443 3131 484 3180 13.
508 3126 551 3197 κ’]
570 3126 619 3181 κα’
639 3126 719 3182 codd.
807 3133 849 3182 14.
873 3127 930 3182 ἐστί
952 3148 978 3184 v,
1055 3136 1097 3184 15.

86 3199 118 3253 τὸ
137 3202 175 3267 Ε,
195 3198 244 3253 καὶ
262 3195 341 3269 δέον]
361 3213 414 3250 om.
433 3196 512 3265 vas,
530 3197 562 3251 τὸ
582 3201 607 3250 Ε
624 3197 676 3252 ins.
697 3200 763 3252 ante
783 3197 862 3268 ἔστω,
882 3200 931 3254 καὶ
949 3197 1015 3254 δέον
1032 3203 1099 3270 post

88 3269 154 3324 ἔστω
173 3275 253 3323 1112.
341 3274 382 3322 16.
402 3265 469 3323 δέον
489 3267 556 3322 ἔστω
574 3269 628 3323 Bv.
715 3268 771 3323 ἐστί
788 3269 919 3324 Vatum.
1003 3277 1045 3325 17.
1064 3280 1098 3344 τῇ

87 3340 153 3411 ὄψει
170 3339 262 3411 ἡλίου]
282 3356 335 3394 om.
354 3357 385 3408 1,
408 3358 445 3392 m.
465 3345 480 3392 2
499 3340 564 3393 Vat.
657 3344 698 3394 18.
724 3341 790 3412 ΕΔ]
810 3346 836 3394 Δ
854 3341 919 3395 dub.
939 3341 975 3410 B,
1001 3345 1052 3396 ΕΑ
1071 3361 1098 3398 ν.

122 3417 164 3466 24.
184 3411 247 3483 τήν]
267 3426 320 3464 om.
339 3428 365 3464 v,
443 3410 505 3482 BZ]
526 3415 575 3464 ZB
593 3410 717 3465 BVat.v.
792 3414 891 3466 εὐθεῖα
910 3431 935 3466 v.
1008 3412 1098 3469 κάθε-

85 3484 144 3555 τος]
164 3499 249 3552 supra
268 3498 318 3536 scr.
334 3499 371 3535 m.
391 3487 406 3534 2
426 3480 459 3534 V.
