2334 3788
79 109 144 177 196
288 112 498 166 OPPIOORUM
515 114 694 168 ααοωαωο
712 114 879 167 motus.

79 259 150 339 ΓΒ,
171 258 238 320 ΓΚ
258 254 414 321 ἐπίπεδον
437 255 666 342 ἐκβεβλήσθω,
695 256 751 322 διὰ
775 254 812 321 δέ
834 266 901 321 τών
924 259 1002 340 ΔΒ,
1024 259 1101 320 ΔΚ

25 388 38 410 ⁴
77 359 201 446 ὁμοίως
232 360 346 449 ἕτερον
382 361 538 428 ἐπίπεδον
574 362 794 448 ἐκβεβλήσθω.
854 363 978 428 οὐκοῦν
1011 378 1097 447 συμ-

77 480 223 534 πεσεῖται
243 469 297 554 [τίι
313 468 478 554 ἐπίπεδα]·
502 470 589 535 αἵτε
607 471 670 557 γὰρ
691 472 762 553 ΓΒ,
777 475 811 535 Δ
817 474 845 534 Β
868 472 1098 554 συμπίπτουσι

78 573 133 639 καὶ
157 576 194 639 αλ
214 578 288 659 ΓΚ,
307 578 384 640 ΚΔ.
422 573 697 659 συμπιπτέτωσαν
719 571 782 641 οὖν
804 576 845 640 τὰ
868 574 1016 658 ἐπίπεδα,
1040 572 1097 640 καὶ

43 684 160 746 οέστω
184 682 295 747 αὐτῶν
321 683 417 766 κοινή
445 684 527 767 τομή
553 680 573 764 ἡ
597 685 672 746 ΒΚ.
717 679 817 766 λέγω,
846 682 910 764 ὅτι,
938 681 1025 745 ὅπου
1051 679 1094 745 έιν

78 785 131 852 ἐπὶ
154 796 211 872 τῆς
234 791 304 852 ΒΚ
329 796 412 874 τεθῇ
434 790 472 853 τὸ
497 787 599 873 ὄμμα,
628 794 702 853 ίσον
728 796 789 853 τοῦ
811 789 922 853 κώνου
947 788 985 852 τὸ
1009 784 1097 873 ὁρώ-

79 917 181 978 μενον
204 898 366 979 φαίνεται.

144 1004 270 1066 κείσθω
299 1003 362 1088 γὰρ
392 999 447 1066 ἐπὶ
473 1011 530 1085 τῆς
557 1004 627 1065 ΒΚ
651 1002 688 1066 τὸ
719 1005 746 1064 Ζ
779 999 883 1085 ὄμμα,
914 997 972 1064 καὶ
997 1000 1096 1083 ἤχθω

80 1106 135 1170 διὰ
162 1117 223 1171 τοῦ
249 1112 277 1170 Ζ
310 1107 399 1193 παρὰ
425 1103 486 1191 μὲν
509 1108 570 1190 τήν
592 1110 662 1171 ΚΛ
689 1107 709 1191 ἡ
735 1111 817 1190 ΖΝ,
847 1107 936 1192 παρὰ
964 1102 1002 1170 δὲ
1035 1108 1098 1190 τήν

27 1223 61 1272 10
80 1215 148 1277 ΓΚ
176 1211 197 1294 ἡ
235 1216 308 1276 ΖΣ.
369 1210 494 1287 οὐκοῦν
526 1212 563 1276 αλ
594 1216 675 1295 ΖΝ,
700 1216 769 1275 ΖΣ
802 1220 859 1296 τής
889 1220 950 1276 τοῦ
982 1212 1097 1277 κώνου

81 1318 274 1403 ἐπιφανείας
304 1319 387 1383 κατὰ
418 1319 459 1383 τὰ
490 1323 539 1402 Ν,
568 1322 602 1382 Σ
637 1317 852 1403 ἐφάπτονται·
888 1319 929 1384 τὰ
960 1319 1025 1404 γὰρ
1061 1319 1099 1384 ἐν

79 1435 120 1510 τῇ
157 1427 262 1489 ΒΓΔ
302 1433 363 1489 τοῦ
399 1425 510 1489 κώνου
552 1423 727 1511 ἐπιφανείᾳ
767 1435 836 1489 τῶν
873 1426 1098 1511 παραλλήλων

80 1531 212 1594 κύκλων
240 1532 389 1614 τμήματα
416 1531 512 1615 ὅμοιά
540 1529 639 1595 ἐστιν.
693 1531 733 1595 τὰ
765 1532 829 1616 ἄρα
861 1528 897 1595 έν
925 1538 966 1614 τῇ
994 1533 1065 1594 ΒΔ
1072 1534 1104 1594 Γ

80 1644 141 1700 τοῦ
160 1636 270 1701 κώνου
290 1635 464 1723 ἐπιφανείᾳ
478 1636 681 1719 διαστήματα
696 1634 846 1723 ὁρώμενα
862 1641 917 1700 ίσα
931 1638 1098 1720 φαίνεται.

29 1753 62 1802 15
82 1740 151 1807 ἐπεὶ
173 1743 237 1829 γὰρ
258 1748 310 1825 ίση
331 1741 431 1826 ε’στίν,
454 1741 496 1825 ἣν
519 1741 730 1829 περιέχουσιν
749 1743 786 1807 αί
803 1747 874 1825 ΖΣ,
893 1746 965 1825 ΖΝ,
989 1746 1099 1824 γωνία

79 1858 119 1934 τῇ
143 1845 357 1934 περιεχομένῃ
379 1848 444 1913 ὑπὸ
468 1860 535 1913 τῶν
558 1852 643 1932 ΚΛ,
663 1852 743 1932 ΚΓ,
772 1854 846 1913 ίσον
873 1847 916 1913 ἂν
938 1852 1097 1933 φαίνοιτο

80 1959 117 2020 τὸ
134 1961 209 2021 ΣΝ
224 1955 386 2039 διάστημα
404 1964 465 2019 τοῦ
484 1956 595 2020 κώνου
613 1965 659 2043 τῷ
676 1958 749 2020 ΛΓ
766 1955 969 2040 διαστήματι.
1007 1953 1096 2020 ὥσθ’

63 2063 165 2126 Χὸπου
189 2061 231 2126 ἂν
254 2062 291 2125 τὸ
315 2060 403 2145 ὄμμα
426 2068 508 2147 τεθῇ
531 2060 585 2126 ἐπὶ
607 2071 665 2144 τῆς
685 2065 751 2124 ΚΒ
775 2061 922 2145 εὐθείας,
948 2067 1021 2126 ίσον
1046 2060 1100 2127 ἀεὶ

19 2173 58 2249 'J
81 2180 235 2251 φανεῖται
257 2169 294 2232 τὸ
319 2165 500 2255 ὁρώμενον.

30 2320 64 2368 20
557 2306 620 2392 λχέ.

140 2430 234 2496 Ἴσον
252 2428 289 2495 δέ
308 2430 358 2496 ἀεὶ
380 2441 441 2496 τοῦ
460 2432 603 2516 ἴμματος
624 2433 687 2498 ἀπὸ
705 2442 765 2497 τοῦ
784 2435 894 2499 κώνου
918 2431 1099 2518 ἀπέχοντος

84 2539 250 2623 μετεώρου
273 2534 334 2621 μὲν
357 2547 417 2603 τοῦ
441 2537 585 2623 ὄμματος
606 2538 762 2617 τεθέντος
784 2543 924 2605 ἔλασσον
943 2545 1098 2626 φαίνεται

84 2653 145 2708 τοῦ
167 2645 277 2708 κώνου
301 2645 338 2708 τὸ
361 2645 542 2730 ὁρώμενον,
564 2644 798 2732 ταπεινοτέρου
822 2643 859 2712 δὲ
881 2650 1000 2731 μεῖζον.

152 2753 233 2816 ἐστω
261 2751 324 2837 γὰρ
353 2752 464 2816 κώνου
491 2753 622 2839 κορυφή
650 2749 710 2836 μέν
732 2754 815 2839 πρὸς
837 2762 883 2840 τῷ
907 2759 940 2817 Δ
963 2755 1097 2841 σημείῳ,

19 740 30 770 θ

32 2867 66 2917 25
85 2856 182 2941 βώσις
200 2853 237 2921 δὲ
255 2857 273 2922 ὁ
293 2860 361 2922 ΒΓ
378 2859 507 2942 κύκλος,
530 2857 585 2923 καὶ
602 2859 696 2942 ήχθω
716 2859 736 2942 ἡ
755 2862 790 2922 Κ
794 2863 823 2922 Θ
840 2860 929 2945 παρὰ
947 2861 1008 2943 τήν
1024 2863 1097 2944 ΒΛ,

158 3039 181 3087 1.
206 3031 377 3102 ἐκεβλήσθω,
403 3049 556 3100 suprascr.
577 3034 606 3103 β,
624 3032 658 3086 V.
750 3039 773 3087 3.
799 3032 834 3086 τὰ
854 3031 986 3104 ἐπίπεδα]
1012 3052 1097 3103 supra

87 3121 137 3158 scr.
157 3103 191 3172 V,
210 3119 304 3157 renou.
324 3122 359 3158 m.
379 3119 433 3156 rec.
516 3109 539 3158 5.
560 3103 596 3158 ἄν
628 3101 655 3157 θ’
674 3102 710 3157 ἄν
728 3103 808 3173 va.
896 3110 920 3158 8.
944 3105 976 3175 Z]
996 3108 1097 3174 postea

87 3175 138 3229 inS.
158 3193 193 3229 m.
211 3181 224 3227 1
244 3173 278 3228 V.
368 3180 392 3229 9.
417 3174 507 3243 Supra
525 3193 603 3242 παρα
617 3177 679 3244 (pr.)
703 3175 766 3229 add.
786 3174 849 3242 ήτοι
866 3174 1041 3245 παράλληλος
1059 3195 1096 3232 m.

87 3263 140 3300 rec.
160 3247 193 3300 V.
267 3246 356 3314 Supra
374 3244 452 3313 παρώ
466 3245 536 3314 (alb.)
556 3246 619 3301 add.
638 3244 813 3315 παράλληλος
831 3265 867 3302 m.
887 3262 939 3301 rec.
959 3246 992 3300 V.
1054 3253 1096 3302 10.

89 3315 279 3387 Μίμαντα.
299 3317 332 3371 V.
410 3322 451 3370 13.
472 3316 528 3370 ἐστι
545 3335 571 3385 p.
650 3324 691 3371 16.
712 3319 785 3388 ΚΓ]
805 3321 870 3371 ΚΝ
884 3335 910 3386 p.
985 3323 1085 3390 17.τῷ

88 3404 156 3441 corr.
177 3403 211 3439 ex
228 3387 259 3441 τό
278 3406 313 3441 m.
334 3395 348 3440 1
368 3388 401 3441 V.
484 3393 524 3441 18.
550 3386 597 3459 ἄν]
618 3404 685 3442 corr.
706 3405 739 3441 ex
759 3396 777 3439 α
796 3407 831 3443 m.
853 3396 868 3442 2
887 3388 919 3442 V.
1002 3390 1084 3444 25.6

89 3458 186 3525 ὁπερὶ
204 3457 255 3525 τήν
273 3459 306 3512 V.
