2334 3788
93 120 160 184 274
518 123 675 174 scnom

94 265 163 329 ἐστι
189 266 272 348 πρὸς
299 266 357 328 τὸν
384 267 515 330 κύκλον.
559 266 597 330 ἓν
624 263 661 330 δέ
688 277 756 332 τῶν
783 267 839 330 διδ
866 276 925 350 τῇς
946 270 1012 330 ΒΑ
1037 266 1104 331 ἐπι-

93 369 204 436 πέδων
227 368 295 435 ἐστὶ
317 373 354 435 τὸ
373 375 468 436 ΒΑΛ
490 376 669 458 τρίγωνον·
691 371 747 438 καὶ
769 375 806 437 τὸ
829 376 924 436 ΒΑΑ
946 375 1015 459 ἄρα
1037 377 1105 459 τρί-

93 501 203 560 γωνον
224 477 334 561 ὀρθόν
355 476 424 542 ε’στι
446 479 530 562 πρὸς
551 480 588 542 τὸ
611 487 672 542 τοῦ
694 480 819 544 κύκλον
843 478 1010 544 ἐπίπεδον.
1051 476 1106 544 καὶ

93 595 133 669 τῇ
156 593 251 668 κοινῇ
278 594 345 647 τῶν
369 583 532 649 ἐπιπέδων
560 585 643 671 πρὸς
666 585 773 671 ὀρθὰς
798 580 894 668 ἦκται
918 585 939 668 ἡ
962 590 1049 650 ΑΜ
1070 585 1106 651 ἐν

58 700 138 777 ὀτῳ
167 698 227 754 τοῦ
250 690 374 754 κύκλον
402 689 556 777 ἐπιπέδῳ·
589 689 610 772 ἡ
634 695 712 755 ΑΜ
739 692 803 774 ἄρα
829 693 913 775 πρὸς
938 694 977 756 τὸ
1001 695 1106 756 ΒΑΛ

92 796 250 860 ἐπίπεδον
272 796 360 881 ὀρθή
383 796 481 862 ἐστιν.
524 794 580 861 καὶ
602 797 686 883 πρὸς
707 797 815 873 πάσας
837 799 901 884 ἄρα
923 799 983 875 τὰς
1007 798 1105 863 ἆπτο

92 901 192 987 μένας
210 902 321 986 αὐτῇς,
340 904 441 979 ούσας
459 900 496 967 δὲ
510 904 546 969 ἐν
560 912 606 990 τῷ
621 906 716 967 ΒΑΛ
735 902 887 991 ἐπιπέδῳ,
905 903 997 990 ὀρθῇ
1016 904 1106 969 ἐστιν

92 1009 112 1093 ἡ
135 1013 216 1072 MA.
262 1009 345 1072 ὥστε
367 1006 422 1073 καὶ
444 1010 527 1095 πρὸς
549 1011 610 1092 τὴν
633 1014 700 1073 ΑΒ
724 1009 812 1095 ὀρθή
835 1009 933 1074 ἐστιν.

159 1135 210 1197 64.
241 1130 310 1196 Καὶ
332 1133 414 1215 αὕτη
433 1130 493 1217 μὲν
512 1134 532 1217 ἡ
552 1133 728 1218 ἀπόδειξις,
751 1137 782 1199 εἰ
798 1136 877 1218 μήτε
895 1135 979 1221 πρὸς
998 1133 1106 1221 ὀρθὰς

40 1241 112 1324 1οὴ
135 1245 202 1304 ΕΔ
230 1249 269 1324 τῇ
294 1242 353 1303 ΓΑ
376 1240 513 1326 διαχθῇ·
545 1244 618 1305 τότε
641 1241 704 1327 γὰρ
730 1240 878 1306 ἀπὸτοῦ
902 1244 935 1305 Γ
961 1239 1017 1306 ἐπὶ
1043 1243 1106 1324 τὴν

91 1353 124 1412 Δ
130 1352 161 1410 E
183 1347 320 1410 εὐθεῖαν
343 1346 516 1429 δυνάμεθα
538 1347 684 1411 κάθετον
706 1344 842 1430 ἀγαγεῖν
864 1349 926 1432 τὴν
949 1350 1027 1432 ΓΖ,
1049 1347 1106 1412 καλ

91 1453 196 1529 οὕτως
223 1451 243 1534 ἡ
273 1449 438 1528 ἀπόδειξις
468 1463 644 1538 προχωρεῖ.
698 1455 730 1517 εἰ
755 1450 792 1517 δέ
819 1453 839 1536 ἡ
867 1459 934 1518 ΕΔ
961 1454 1105 1530 κάθετος

91 1556 144 1623 ἐπὶ
171 1561 232 1642 τὴν
257 1560 316 1622 ΓΑ
344 1558 482 1644 διαχθῇ,
510 1559 722 1643 δειχθήσεται
747 1560 848 1625 πάλιν
875 1558 895 1641 ἡ
917 1559 983 1623 ὑπὸ
1007 1563 1110 1625 ΒΑΓ

90 1668 195 1748 γωνία
217 1674 276 1748 τῇς
293 1663 357 1728 ὑπὸ
376 1669 475 1729 ΒΑΕ
495 1664 639 1730 ἐλάττων
657 1673 777 1730 τοῦτον
795 1667 854 1731 τὸν
872 1668 1010 1752 τρόπον·
1035 1662 1105 1730 ἐπεὶ

38 1771 110 1855 ιὸἡ
135 1774 203 1835 ΒΓ
224 1771 312 1856 ὀρθή
336 1771 405 1836 ἐστι
431 1772 514 1856 πρὸς
540 1773 577 1835 τὸ
606 1771 824 1856 ὑποκείμενον
848 1771 1019 1855 ἐπίπεδον,
1046 1770 1103 1835 καλ

89 1879 196 1942 πάντα
228 1879 292 1962 ἄρα
324 1878 364 1940 τὰ
397 1875 441 1941 δι’
471 1877 572 1960 αὐτῇς
602 1877 739 1943 ἐπίπεδα
766 1888 811 1965 τῷ
839 1878 929 1965 αὐτῷ
957 1875 1102 1964 ἐπιπέδῳ

89 1985 172 2069 πρὸς
199 1983 305 2067 ὀρθὰς
333 1986 432 2048 ἔσται.
484 1985 566 2047 ὥστε
593 1981 648 2047 καὶ
675 1986 712 2047 τὸ
740 1987 835 2048 ΒΓΑ
862 1987 1029 2069 τρίγωνον
1055 1993 1102 2071 τῳ

90 2096 157 2155 EA
178 2092 287 2177 κύκλῳ
310 2092 393 2175 πρὸς
416 2090 522 2175 ὀρθὰς
543 2093 642 2154 ἐσται.
680 2089 748 2155 ἐπεὶ
772 2086 834 2155 οὖν
856 2092 893 2154 τὸ
914 2093 1009 2154 ΓΑΒ
1033 2094 1102 2175 τρί-

89 2221 199 2279 γωνον
222 2205 267 2283 τῇ
287 2197 396 2284 κύκλῳ
419 2198 501 2282 πρὸς
520 2196 626 2280 ὀρθάς
650 2196 718 2260 ἐστι
741 2194 796 2260 καὶ
816 2204 856 2279 τῇ
874 2205 969 2279 κοινῇ
989 2195 1104 2260 αὐτῶν

37 2315 71 2363 20
90 2313 172 2388 τομῇ
196 2302 216 2386 ἡ
240 2309 307 2367 ΕΑ
330 2303 366 2368 ἐν
390 2301 439 2366 ἑνὶ
463 2313 530 2367 τῶν
554 2299 731 2385 ἐπιπέδων,
757 2302 777 2384 ἡ
800 2307 867 2365 EA
890 2303 953 2386 ἄρα
975 2301 1102 2390 καὶτῷ

89 2413 195 2474 ΑΒΓ
213 2412 363 2496 τριγώνῳ
387 2411 470 2493 πρὸς
488 2410 595 2495 ὀρθὰς
612 2412 716 2474 ἐσται·
739 2406 794 2472 καὶ
812 2409 895 2493 πρὸς
912 2407 1022 2484 πάσας
1038 2410 1104 2494 ἄρα

89 2518 147 2593 τὰς
174 2514 356 2600 ἁπτομένας
384 2516 484 2598 αὐτῇς
511 2517 645 2590 εὐθείας
672 2513 726 2579 καὶ
755 2515 856 2589 οὔσας
884 2513 919 2578 ἐν
946 2523 992 2600 τῳ
1019 2514 1103 2579 ὑπο-

88 2621 225 2711 κειμένῳ
249 2621 389 2708 έπιπέδῳ
413 2631 458 2708 τῷ
478 2625 583 2685 ΑΒΓ
600 2622 707 2706 ὀρθὰς
723 2622 853 2702 ποιήσει
870 2624 1004 2701 γωνίας.
1040 2622 1101 2685 ἅπ-

89 2754 177 2794 τεται
209 2727 245 2792 δέ
278 2729 378 2810 αὐτῇς
408 2725 463 2791 καὶ
491 2728 511 2810 ἡ
540 2731 616 2791 ΒΑ·
652 2725 708 2791 καλ
738 2728 821 2812 πρὸς
853 2728 916 2811 ἄρα
947 2728 1009 2808 τὴν
1037 2731 1102 2791 ΒΑ

36 2847 70 2896 25
90 2836 199 2921 ὀρθὴν
216 2836 345 2915 ποιήσει
368 2836 500 2914 γωνίαν.
547 2833 634 2919 ὀρθὴ
657 2835 720 2919 ἄρα
743 2832 763 2916 ἡ
786 2833 851 2896 ὑπὸ
871 2837 981 2896 ΒΑΕ·
1012 2830 1102 2910 ὀξεῖα

160 3015 201 3063 64.
216 3008 352 3076 R(Mtu);
372 3007 409 3060 ad
422 3025 448 3075 p.
460 3012 519 3076 204,
532 3013 577 3061 ll:
594 3007 659 3061 ἐσται
670 3008 777 3097 κύκλος,
793 3002 826 3060 οδ
836 3003 953 3073 κέντρον
962 3006 1028 3060 τὸΑ
1043 3008 1099 3060 κτλ.

161 3191 184 3239 1
208 3186 279 3256 τῶν]
304 3201 371 3238 corr
393 3201 425 3237 ex
447 3189 484 3256 τῷ
508 3202 544 3236 m.
568 3200 622 3240 rec.
641 3185 674 3238 V
766 3181 888 3256 ἐπιπέδῳ
911 3183 944 3250 V
972 3200 1042 3236 corr.
1062 3202 1099 3236 m

88 3274 141 3311 rec
206 3262 230 3308 3.
250 3254 385 3327 ὀρθόν]”
371 3274 431 3310 ισον
450 3238 482 3309 Β
547 3262 570 3308 4.
592 3255 693 3326 ὀρθάς]
714 3255 824 3316 λ’σαςΒ,
888 3261 910 3309 7.
931 3227 975 3325 δέ]
996 3271 1051 3311 οιιι,
1065 3255 1098 3308 Β.

88 3327 174 3398 ὀρθή]
194 3326 238 3395 ἐστ]
257 3327 289 3381 R.
363 3332 386 3380 8.
408 3327 512 3380 ἐστιΒ
587 3332 627 3380 12.
649 3327 721 3397 εἰ]
707 3348 725 3395 νγ
744 3327 800 3379 Βιι.
869 3324 981 3396 ἡ(α113.)]
1001 3342 1056 3380 om
1071 3343 1098 3379 ιι.

125 3404 165 3451 13
185 3399 310 3470 διδαχθῇ
329 3416 355 3452 u
421 3403 461 3450 19.
481 3397 530 3467 τῷ]
550 3401 588 3468 τῷ
608 3401 662 3450 ΕΔ
680 3414 706 3451 ιι
773 3402 814 3450 23.
834 3402 872 3468 τῷ
890 3398 992 3468 ΑΒΓ]
1014 3412 1101 3466 supra

88 3485 138 3522 ser
157 3469 189 3522 Β,
