2334 3788
85 106 150 170 174
293 108 504 160 ονειοοεαιι
521 108 699 160 οεοεαειο
718 109 885 161 mamus,

150 254 231 316 έστω
255 255 364 336 μεῖζον
387 253 424 317 τὸ
447 255 511 315 ΒΖ
533 259 593 317 τοῦ
619 255 699 335 ΘΚ,
730 249 868 317 καὶτοῦ
892 255 923 316 Λ
950 253 1096 336 ὄμματος

82 357 170 423 αοίτω
197 357 350 442 κειμένου
376 356 605 443 προσπιπτέτω
633 357 725 434 ἀκτὶς
751 357 772 441 ἡ
796 361 828 422 Λ
834 361 866 422 Γ
889 359 945 423 διὰ
971 367 1032 423 τοῦ
1058 363 1096 431 Θ.

83 465 207 529 οὐκοῦν
225 466 262 530 τὸ
281 469 344 529 ΒΖ
363 474 423 529 τοῦ
444 467 513 529 ΘΚ
527 467 637 549 μεῖζον
656 467 809 548 φαίνεται
827 473 873 552 τῷ
891 467 963 529 ΒΓ.
999 488 1095 549 μετα-

81 575 205 636 κείσθω
239 572 280 655 δὴ
312 573 350 636 τὸ
378 575 409 636 Λ
437 573 524 655 ὄμμα
556 569 609 634 ἐπὶ
636 568 673 635 τό
701 575 751 654 Ν,
782 569 838 635 καὶ
864 569 1094 655 προσπιπτέτω

46 690 62 739 5
82 673 215 760 οάιτλςὺ
230 682 298 743 ΝΔ
317 679 373 743 διὰ
392 686 451 742 τοῦ
474 682 510 741 Θ.
548 676 672 742 οὐκοῦν
690 677 791 743 πάλιν
809 679 847 742 τὸ
863 681 927 742 ΒΖ
950 685 1010 742 τοῦ
1027 681 1100 742 ΘΚ

82 787 191 869 μεῖζον
215 787 367 869 φαίνεται
391 793 436 872 τῷ
455 788 526 848 ΒΔ.
562 785 760 868 προσιόντος
782 780 842 868 μὲν
865 785 929 870 ὄρα
952 792 1013 849 τοῦ
1036 785 1095 868 ὄμ-

81 915 183 976 ματος
210 891 357 956 ἐλάττονι
385 894 495 975 μεῖζον
521 894 674 975 φαίνεται
697 889 858 976 ὑπερέχον
881 892 918 955 τὸ
943 895 1006 955 ΒΖ
1033 900 1096 956 τοῦ

84 1001 163 1081 ΘΚ,
187 996 343 1075 ἀπιόντος
366 994 403 1062 ὄὲ
425 1000 557 1082 μείζονι.

561 1155 612 1236 ιζ’.

29 1276 62 1325 10
144 1262 225 1329 Ὅσοι
252 1263 404 1347 ἀλλήλων
431 1262 583 1348 ὑπερέχει
616 1272 676 1328 τοῦ
709 1265 853 1348 ὄμματος
880 1262 932 1329 ἐπ’
961 1264 1101 1341 εὐθείας.

80 1379 125 1458 τῷ
150 1370 304 1436 έλοίσσονι
322 1369 454 1454 μεγέθει
476 1373 582 1454 ὄντος,
605 1373 804 1456 προσιόντος
822 1394 857 1436 τε
875 1368 930 1435 καὶ
953 1369 1095 1455 ἀφιστα-

79 1474 181 1560 μένου
209 1485 268 1540 τοὺ
293 1478 437 1561 ὄμματος
462 1486 507 1565 τῷ
532 1483 592 1565 ίσῳ
620 1474 684 1541 αίεὶ
713 1474 800 1554 δόξει
827 1477 865 1541 τὸ
892 1476 1095 1563 ὑπερφαινό-

79 1606 180 1667 μενον
198 1591 257 1647 τοῦ
273 1581 452 1661 ἐλάσσονος
462 1582 643 1668 ὑπερέχειν.

144 1688 327 1775 ὑπερεχέτω
351 1691 414 1775 γὰρ
435 1692 472 1755 τὸ
492 1694 560 1755 ΒΛ
583 1698 643 1754 τοῦ

27 1808 59 1856 15
81 1800 154 1860 ΘΗ
171 1805 217 1884 τῷ
241 1800 314 1881 ΒΓ,
338 1795 393 1862 καὶ
417 1796 643 1881 ἐπιζευχθεῖσα
688 1842 721 1890 1⁷
781 1843 810 1896 Θ
864 1834 903 1884 K
1063 1839 1085 1887 Ζ

78 1901 99 1985 ἡ
126 1906 189 1967 ΓΘ
216 1902 444 1988 ἐκβεβλήσθω,
475 1902 532 1968 καὶ
559 1906 641 1968 έστω
691 1888 1078 1925 -..4.-.-.

77 2011 115 2074 τὸ
139 2011 226 2094 ὄμμα
249 2008 301 2075 ἐπὶ
325 2015 440 2075 τοῦΖ.
478 2009 641 2092 οὐκοῦνὴ

78 2116 141 2180 ίιπὸ
160 2126 220 2181 τοῦ
236 2122 263 2180 Ζ
282 2115 373 2193 ιἰιιτὶς
390 2121 642 2202 προσπίπτουσα

76 2223 159 2286 κατὰ
199 2224 260 2306 τὴν
306 2226 378 2287 ΖΓ
421 2225 641 2307 ένεχθήσεται
677 2200 719 2344 {A

25 2339 59 2387 20
77 2329 178 2394 πάλιν
201 2330 242 2414 δὴ
266 2332 469 2413 μετακείσθω
495 2331 532 2395 τὸ
556 2287 719 2460 ὄμμαΔ

78 2433 131 2499 έπι
149 2444 209 2499 τοῦ
224 2439 263 2499 Κ.
297 2435 421 2500 οὐκοῦν
444 2435 549 2499 δια
514 2459 554 2499 τα
577 2436 660 2500 αὐτὰ
683 2437 703 2520 ἡ
727 2437 790 2504 ἀπὸ
813 2448 873 2504 τοῦ
892 2444 927 2504 Κ
946 2441 1092 2524 ὄμματος

78 2539 169 2617 ἀκτὶς
182 2544 434 2626 προσπίπτουσα
445 2543 527 2606 κατὰ
541 2543 602 2625 τὴν
611 2546 682 2607 ΚΓ
695 2543 915 2630 ένεχθήσεται.
939 2555 985 2633 τῷ
999 2546 1090 2634 αὐτῷ

78 2649 141 2733 ὄρα
154 2645 302 2732 ὑπερέξει
316 2647 353 2711 τὸ
364 2651 426 2711 ΒΔ
440 2656 499 2711 τοῦ
512 2652 585 2712 ΘΗ
592 2647 648 2714 καὶ
660 2653 857 2735 προσιόντος
870 2661 930 2716 τοῦ
945 2654 1090 2736 ὄμματος

76 2752 131 2818 καὶ
154 2752 389 2837 ἀφισταμένου.

23 2862 57 2910 25
555 2842 611 2928 ιη’.

148 2950 196 3013 Τὸ
220 2944 324 3012 δοθέν
346 2948 432 3026 ὄνος
450 2961 586 3034 γνῶναι,
609 2953 715 3016 πόσον
735 2950 833 3016 ἐστίν.

144 3059 225 3120 ε”στω
244 3055 323 3140 μα’ρ,
356 3054 450 3120 ὄόεί
471 3056 650 3139 ἐπιγνῶναι
672 3057 773 3141 ὄνος,
805 3060 910 3123 πόσον
934 3057 1017 3142 ἐστί,
1049 3061 1087 3125 τὸ

75 3165 153 3245 ΒΓ,
181 3160 235 3226 καὶ
235 3161 492 3278 προσπιπτέτω
522 3161 613 3240 ἀκτὶς
635 3163 731 3246 ἡλίου
755 3164 811 3228 διὰ
834 3173 894 3228 τοῦ
917 3168 945 3228 Β
970 3165 990 3248 ἡ
1015 3169 1086 3230 ΒΔ.

146 3324 170 3373 4.
191 3319 238 3407 δή]
259 3316 290 3372 δέ
309 3338 333 3374 v.
390 3316 625 3410 προσπιπτέτω]-
613 3337 677 3374 -οπ-
691 3320 721 3374 in
734 3338 788 3375 ras,
798 3321 831 3375 V.
888 3326 911 3376 7.
934 3321 1046 3376 ἔλαττον
1060 3339 1086 3376 v,

111 3396 152 3444 11
173 3394 324 3460 μεχεθην.
412 3390 545 3460 ὄντωςν,
571 3391 619 3443 sed
638 3408 706 3447 corr.
794 3398 835 3448 15.
857 3394 930 3465 ΘΗ]
951 3395 1008 3451 ΘΗ
1028 3392 1085 3463 Vv,

76 3464 179 3527 ΘΝΡ.
255 3467 295 3516 16.
318 3463 383 3533 ΓΘ]
405 3460 475 3515 Pm
493 3479 546 3516 ras
566 3480 601 3516 m
623 3462 690 3517 1V.
764 3469 806 3518 23.
828 3465 902 3535 ΘΗ]
922 3466 979 3520 ΘΗ
999 3464 1055 3519 Vv.
