2334 3788
99 129 166 194 240
309 132 522 184 ονοιοοοοιι
540 128 719 182 αεοιιαειο
737 128 904 182 νΗωοαιε.

575 307 640 392 νβ’.

172 438 238 498 Τοῦ
258 435 401 518 ὄμματος
419 437 532 517 ἔγγιον
549 441 609 497 τοῦ
628 430 799 518 δρωμένου
813 435 1013 519 προσιόντος
1028 430 1118 511 δόξει

100 540 137 605 τὸ
161 538 332 624 δρώμενον
354 538 528 623 ηὐξῆσθαι.

169 646 306 732 δράσθω
322 648 384 732 γὰρ
399 647 436 711 τὸ
449 649 516 710 ΒΓ
530 653 590 710 τοῦ
609 647 752 729 ὄμματος
771 643 823 710 ἐπὶ
840 654 901 710 τοῦ
916 650 944 709 Ζ
961 645 1118 730 κειμένου

65 753 164 818 ὅὺπὸ
197 763 265 817 τῶν
299 757 376 837 ΖΒ,
406 755 472 817 ΖΓ
499 751 652 835 ἀκτίνων,

99 856 155 923 καὶ
169 862 372 943 μετακείσθω
387 860 424 923 τὸ
439 857 527 942 ὄμμα
541 861 653 941 ἔγγιον
699 841 737 906 B

100 974 160 1031 τοῦ
179 969 248 1030 ΒΓ
264 963 320 1029 καὶ
343 967 425 1030 ἔστω
450 962 503 1030 ἐπὶ
527 974 587 1029 τοῦ
609 970 652 1048 Δ,

100 1071 155 1137 καὶ
178 1072 314 1157 ὁροίσθω
337 1073 374 1135 τὸ
398 1071 478 1136 αὐτὸ
500 1071 566 1137 ὑπὸ
585 1082 652 1136 τῶν

100 1183 183 1261 ΔΒ,
215 1182 289 1242 ΔΓ
320 1177 472 1242 ἀκτίνων.
528 1177 652 1243 οὐκοῦν

49 1297 82 1345 10
101 1287 219 1368 μείζων
239 1284 259 1367 ἡ
277 1289 311 1348 Δ
334 1289 438 1366 γωνία
461 1292 519 1367 τῆς
538 1289 565 1348 Ζ
589 1308 652 1366 γω-

101 1393 183 1467 νίας.
217 1392 258 1455 τὰ
277 1387 313 1454 δὲ
333 1390 398 1455 ὑπὸ
417 1393 575 1474 μειζόνων
590 1414 653 1472 γω-

100 1508 184 1562 νιῶν
212 1497 362 1582 ὁρώμενα
389 1500 520 1581 μείζονα
548 1500 715 1581 φαίνεται·
746 1494 833 1572 δόξει
861 1496 925 1581 ἄρα
947 1494 1117 1579 ηὐξῆσθαι

101 1605 138 1668 τὸ
158 1607 225 1668 ΒΓ
242 1612 302 1667 τοῦ
326 1604 469 1687 ὄμματος
489 1600 542 1667 ἐπὶ
560 1610 620 1667 τοῦ
639 1608 673 1666 Δ
696 1604 792 1678 ὄντος
814 1602 896 1687 ἢπερ
920 1598 973 1665 ἐπὶ
997 1611 1059 1666 τοῦ
1081 1607 1117 1666 Z.

574 1838 639 1897 νγ.

49 1951 82 2000 15
174 1944 247 2004 Τῶν
276 1945 336 2027 ίσςο
365 1938 454 2023 τοίχει
482 1937 676 2024 φερομένων
702 1939 743 2003 τὰ
770 1942 883 2024 πόρρω
912 1940 1006 2002 δοκεῖ
1033 1942 1117 2024 βρα-

102 2047 242 2132 δύτερον
265 2045 437 2132 φέρεσθαι.

169 2152 323 2238 φερέσθω
347 2153 409 2238 γὰρ
431 2154 590 2234 ἰσοταχῶς
608 2151 648 2215 τὰ
667 2155 706 2233 Β,
721 2153 756 2213 Κ
776 2151 821 2226 ὡς
840 2147 893 2214 ἐπὶ
911 2150 951 2213 τὰ
971 2155 999 2213 Ζ
1021 2150 1117 2236 μέρη,

102 2256 157 2323 καὶ
181 2259 244 2323 ιἰπὸ
268 2267 328 2322 τοῦ
343 2264 375 2322 Α
398 2261 542 2342 ὄμματος
561 2257 689 2332 ἀκτῖνες
712 2258 871 2339 ἤχθωσαν
890 2257 927 2320 αί
943 2263 975 2320 Α
982 2259 1019 2339 Γ,
1038 2262 1116 2341 ΑΔ,

102 2372 134 2429 Α
141 2370 177 2429 Z.
224 2365 348 2428 οὐκοῦν
380 2366 417 2428 τὸ
443 2368 478 2429 Κ
507 2363 687 2439 ἐλάσσονας
715 2365 779 2446 ἔχει
812 2364 869 2438 τὰς
898 2362 961 2427 ἀπὸ
993 2372 1055 2426 τοῦ
1085 2369 1117 2427 Α

48 2483 83 2532 20
102 2472 245 2554 ὄμματος
277 2470 410 2546 ἀατίνας
442 2469 585 2554 ἠγμένας
616 2471 698 2556 ὄπερ
730 2471 767 2533 τὸ
799 2474 842 2533 Β’
881 2471 1017 2534 ἔλαττον
1050 2472 1115 2555 ὄρα

78 2576 264 2674 ρδιοίστημα
293 2577 493 2641 διελεύσεται
520 2574 576 2640 παὶ
603 2580 765 2662 πρότερον
792 2576 1027 2662 παραλλάσσον
1052 2579 1115 2660 τὴν

102 2689 134 2746 Α
141 2687 167 2746 Ζ
191 2684 270 2760 ὄψιν
294 2681 381 2760 δόξει
403 2683 583 2767 ταχύτερον
607 2682 778 2768 φέρεσθαι.

575 2897 618 2959 νδ
623 2893 640 2959 '.

116 3014 125 3047 '³
173 3024 239 3083 Τοῦ
268 3021 411 3104 ὄμματος
433 3017 708 3106 παραφερομένου
737 3020 777 3084 τὰ
800 3021 912 3104 πόρρω
936 3029 1004 3083 των
1028 3018 1115 3103 δρω-

48 3125 210 3211 νομένων
232 3129 486 3191 καταλείπεσθαι
508 3124 603 3203 δόξει.

174 3342 197 3389 1.
218 3336 277 3406 νβ’]
297 3336 324 3400 ξ’
338 3354 370 3404 p3
390 3334 442 3389 νθ’
458 3335 491 3402 V,
510 3351 546 3388 m.
568 3340 581 3387 1
602 3353 631 3402 νς
654 3335 700 3393 νς’
715 3354 750 3388 m.
771 3343 786 3388 2
806 3354 831 3390 v.
906 3342 930 3390 2.
951 3335 1059 3406 ἔγγειον
1079 3338 1111 3391 V.

137 3414 162 3460 3.
181 3407 329 3476 ηὐξεῖσθαι
347 3407 380 3475 V,
405 3404 455 3458 sed
473 3421 541 3459 corr.
624 3411 647 3460 6.
674 3406 780 3475 ἔγγειον
798 3407 831 3461 V.
914 3412 937 3460 9.
963 3409 1037 3462 Ante
1056 3413 1117 3462 ΔΓ

101 3494 155 3531 ras.
175 3483 190 3528 2
210 3477 264 3530 litt.
284 3495 309 3531 v.
402 3480 442 3529 10.
463 3478 555 3544 μεῖζον
575 3494 599 3530 v.
692 3483 732 3532 11.
757 3479 895 3546 μειζόνων
914 3478 947 3547 V,
973 3479 1023 3532 sed
1042 3496 1111 3534 corr.
