2334 3788
105 97 168 162 148
313 100 523 152 OPTICORUM
542 101 719 152 RECENSIO
737 101 903 154 THEONIS.

104 237 175 307 εἶτα
192 241 356 327 μέντοιγε
374 243 516 330 ὕστερον
535 243 766 328 ἐπιβάλλοντες
784 246 845 328 την
859 243 939 323 ὄψιν
953 253 998 331 τςό
1015 245 1116 330 τόπῳ,

105 349 143 414 ἐν
166 342 253 437 ᾧπερ
281 344 324 432 ἦν
346 352 383 415 τὸ
407 351 588 436 σωμάτιον,
616 346 708 416 είδον
733 353 794 435 τὴν
817 355 967 436 βελόνην.
1013 351 1118 432 δῆλον

106 453 180 541 οὖν,
203 457 258 540 ὡς,
281 458 334 523 ότε
358 457 418 540 οὐχ
442 455 566 543 ἑωρᾶτο
589 459 627 523 τὸ
650 457 896 544 έξερριμμένον,
919 454 998 522 ούδὸ
1021 456 1039 522 ὁ
1064 459 1119 521 τό-

105 586 181 648 πος,
215 563 251 628 έν
274 556 301 651 ςὸ
323 557 380 647 ἦν,
413 561 551 650 ἑωρᾶτο·
584 565 667 630 ὥστε
694 574 754 630 τοῦ
776 564 842 630 ὑπὸ
870 566 931 648 τὴν
954 563 1034 642 ὅφιν
1057 572 1118 628 τοῦ

71 675 281 754 5ζητοῦντος
313 669 465 755 κειμένου
493 674 596 736 τόπου
629 673 672 755 μη
701 672 829 736 άπαντα
856 672 896 735 τά
923 669 1004 757 μέρη
1031 676 1119 735 θεω-

106 784 250 864 ρεῖσθαι.
290 779 322 842 εί
342 778 405 863 γὰρ
430 777 615 863 ε’θεωρεϊτο,
638 777 692 843 καὶ
715 780 753 844 τὸ
777 780 976 862 ζητούμενον
999 776 1041 841 ἀν
1061 774 1119 841 ἑω-

107 894 201 971 ρᾶτο·
235 883 296 968 οὐχ
324 882 448 970 ἑωρᾶτο
476 883 522 949 δέ.
574 884 629 950 ε’πί
654 909 688 950 τε
715 896 783 950 τῶν
810 884 1026 963 ἀτενιζόντων
1049 894 1120 959 τοῖς

106 994 250 1076 βιβλίοις
282 991 520 1075 συνιστάμενος
552 994 673 1076 ἔφασκε
704 988 786 1075 μηδὲ
818 993 958 1067 τούτους
989 991 1032 1056 ἀν
1061 992 1120 1055 δύ-

106 1104 233 1163 νασθαι
255 1098 362 1163 πάντα
385 1098 426 1162 τά
449 1097 485 1163 έν
507 1107 546 1183 τῇ
569 1100 675 1163 σελίδι
693 1099 867 1185 γράμματα
885 1098 977 1184 ὁρᾶν.
1014 1098 1121 1162 πολλά

55 1218 89 1268 10
108 1213 193 1287 γοῦν
216 1203 500 1288 ἀναγκαζομένους
523 1203 626 1282 δεῖξαι
649 1216 716 1270 τῶν
735 1209 881 1282 σπανίως
899 1202 1121 1291 γραφομένων

108 1310 310 1396 γραμμάτων
332 1312 375 1395 μη
400 1312 568 1375 δύνασθαι
592 1309 696 1388 δεῖξαι
720 1313 776 1376 διά
793 1313 830 1376 τὸ
849 1313 892 1395 μὴ
911 1312 994 1397 πρὸς
1012 1311 1121 1375 πάντα

109 1417 149 1480 τά
167 1416 341 1500 γράμματα
359 1417 418 1491 τάς
435 1414 528 1493 ὄψεις
546 1414 719 1501 φέρεσθαι,
743 1414 814 1481 ἀλλ’
836 1415 871 1481 ἐκ
889 1416 1121 1500 διαστημάτων

109 1523 232 1599 ταύτας
257 1522 418 1608 ὑπάρχειν
450 1520 505 1587 καί
532 1524 638 1587 πολλά
665 1534 732 1587 τῶν
760 1521 1050 1606 κατατεταγμένων
1076 1524 1121 1607 μὴ

110 1635 262 1714 θεωρεῖν.
309 1630 391 1694 ὥστε
415 1628 450 1693 έκ
472 1631 593 1694 τούτου
617 1632 765 1715 φανερόν
788 1629 867 1714 έστι,
891 1632 977 1695 διότι
1001 1626 1080 1694 οὐδὸ
1103 1628 1121 1694 ὁ

60 1749 93 1798 15
111 1738 211 1812 τόπος
228 1744 287 1820 τῆς
305 1737 434 1813 σελίδος
453 1737 528 1813 ὅλος
547 1736 756 1822 ὁραθήσεται.
793 1735 847 1802 καὶ
863 1735 915 1802 ἐπὶ
930 1748 997 1801 τῶν
1011 1738 1123 1800 ἀλλων

111 1842 288 1926 θεαμάτων
316 1845 353 1908 τὸ
381 1843 462 1908 αὐτὸ
486 1846 670 1928 συμβαίνει.
722 1845 803 1908 ὥστε
832 1844 892 1927 οὐχ
920 1843 1123 1929 ὁραθησεται

112 1950 178 2032 ἀμα
193 1950 254 2014 ὅλα
268 1950 308 2013 τά
326 1948 490 2035 ὁρώμενα·
515 1951 607 2014 δοκεῖ
621 1947 658 2014 δὲ
672 1950 818 2036 ὁρᾶσθαι
832 1950 888 2014 διά
902 1956 939 2013 τὸ
953 1955 1123 2013 κινεῖσθαι

111 2057 170 2132 τάς
192 2054 285 2134 ὄψεις
307 2055 474 2141 ὑπερβολῇ
493 2056 613 2140 τάχους
631 2052 735 2140 μηδὲν
753 2056 1004 2137 ἀπολειπούσας,
1028 2077 1123 2119 τουτ-

112 2158 181 2225 έστι
203 2163 286 2226 κατά
309 2161 482 2246 συνέχειαν
499 2162 772 2249 παραφερομένας
794 2160 911 2246 καὶμὴ
932 2159 1123 2245 άλλομένας.

59 2282 94 2332 20
179 2269 262 2353 πρὸς
293 2265 330 2332 δὸ
361 2270 398 2333 τὸ
431 2280 470 2355 τῇ
502 2267 577 2347 ὄψει
608 2272 651 2352 μη
679 2272 897 2354 προσπίπτειν
923 2293 955 2332 τι
983 2269 1124 2333 είδωλον

115 2373 177 2438 ἀπὸ
201 2383 261 2439 τοῦ
281 2374 450 2459 ὁρωμένου
475 2377 522 2452 είς
539 2377 576 2439 τὸ
595 2384 727 2459 κινῆσαι
746 2375 851 2458 αὐτὴν
868 2376 952 2460 πρὸς
969 2376 1006 2438 τὸ
1025 2398 1123 2438 κατα-

113 2483 228 2564 λαβεῖν
251 2482 287 2545 τὸ
311 2480 482 2567 ὁρώμενον
505 2485 621 2566 ἔφερεν
645 2483 751 2557 αίτίας
778 2483 944 2557 τοιαύτας·
977 2479 1032 2544 καὶ
1060 2482 1123 2563 γὰρ

114 2585 167 2652 ἐπὶ
190 2596 250 2651 τοῦ
270 2586 469 2671 ζητουμένου
491 2589 640 2671 σώματος
662 2586 795 2652 καὶτοῦ
814 2598 860 2676 τῷ
879 2591 996 2675 βιβλίῳ
1018 2587 1125 2651 ἀτενί-

114 2697 227 2771 ζοντος
258 2693 401 2779 ἀπορίαν
430 2697 572 2778 κομίζων
599 2697 721 2777 έλεγεν·
754 2697 785 2759 εί
811 2689 853 2777 ἦν
880 2693 950 2758 κατ’
976 2695 1125 2758 είδώλων

60 2813 96 2864 25
114 2787 280 2884 ἔμπτωσιν
303 2802 339 2864 τὸ
364 2800 519 2886 ὁρατικὸν
536 2800 655 2883 πάθος,
678 2799 733 2865 καὶ
752 2800 814 2865 ἀπὸ
833 2802 957 2877 παντὸς
975 2802 1126 2884 σώματος

115 2908 273 2990 διηνεκῶς
291 2906 411 2970 είδωλα
430 2903 598 2991 ἀπέρρεεν,
621 2906 642 2971 δ
660 2918 747 2971 κινεῖ
762 2906 855 2990 ἡμῶν
873 2908 935 2990 τὴν
953 2912 1124 2989 αίσθησιν,

186 3034 210 3082 3.
231 3023 292 3091 οὑν]
314 3044 367 3083 om.
386 3045 436 3096 vp,
455 3045 490 3081 m.
510 3043 563 3081 rec.
583 3027 615 3081 V.
689 3029 778 3096 ὁρᾶτο
798 3029 831 3097 V,
851 3045 918 3082 corr.
938 3046 974 3081 m.
993 3035 1016 3082 1.
1082 3027 1124 3092 ἐξ·

117 3097 265 3169 εριμμένον
283 3099 340 3168 Vp.
395 3105 419 3152 5.
438 3099 623 3168 θεωρεῖσθαι]
643 3117 694 3151 -ει-
713 3098 884 3153 inras.m.1
900 3100 933 3153 V.
990 3104 1013 3152 7.
1033 3099 1124 3152 ἀτενι-

116 3172 225 3237 ζόντων
244 3189 270 3239 v,
290 3170 339 3223 sed
358 3187 425 3224 corr.
491 3174 514 3223 8.
536 3169 656 3238 ἔφασκεν
675 3171 730 3224 Vv.
788 3169 987 3238 συνιστάμενος
1007 3169 1123 3239 ἔφασκε]

117 3243 180 3312 δελ,
201 3259 354 3312 suprascr.
374 3238 475 3310 ὁμοίως
494 3238 562 3310 φησί
580 3259 616 3294 m.
635 3257 689 3295 rec.
709 3242 741 3296 V.
808 3247 831 3295 9.
851 3240 983 3302 πολλάκις
1001 3241 1035 3308 V,
1055 3257 1123 3294 corr.

116 3329 153 3368 m.
163 3330 217 3368 rec.
273 3317 314 3366 14.
330 3311 394 3380 ἐστι,
404 3311 487 3382 διότι]
502 3315 570 3366 mut.
581 3312 611 3364 in
626 3312 699 3367 ἐστιν
710 3311 752 3366 ὅτι
765 3331 800 3366 m.
811 3329 865 3367 rec.
876 3313 908 3367 V.
966 3317 1006 3366 15.
1022 3312 1124 3382 ἀλλων]

116 3385 210 3439 αὑτῶν
228 3384 262 3453 V,
282 3400 350 3438 corr.
369 3402 405 3438 m.
424 3399 478 3438 rec.
538 3389 581 3437 17.
600 3382 670 3454 ἅμα]
691 3401 844 3453 suprascr.
864 3402 899 3438 m.
919 3399 972 3437 rec.
992 3383 1025 3438 V.
1083 3389 1123 3435 18.

116 3451 185 3509 Post
202 3456 342 3527 ὑπερβολῇ
360 3472 413 3510 τεο.
429 3461 444 3508 1
464 3455 519 3508 litt.
537 3473 562 3509 v.
643 3454 756 3527 τάχους]
775 3473 843 3511 corr.
864 3472 897 3508 ex
914 3453 999 3526 τάχος
1017 3474 1052 3508 m.
1069 3460 1084 3509 2
1099 3471 1125 3508 ν.
