2334 3788
99 125 165 190 242
309 127 518 179 OPTICORUM
536 127 715 182 RECENSIO
733 128 900 181 THEONIS.

166 273 248 337 ἔστω
271 272 334 357 γὰρ
358 273 446 355 ὄμμα
468 272 505 336 τὸ
530 276 574 355 Β,
598 269 658 356 ἀφ’
679 266 719 337 οὗ
741 272 901 355 ἤχθωσαν
925 270 1061 348 ἀκτῖνες
1084 273 1121 336 αι’

99 381 176 462 ΒΓ,
195 382 273 462 ΒΔ,
292 382 370 462 ΒΖ,
398 377 549 464 ὁρώμενα
572 375 609 443 δέ
631 378 671 443 τὰ

99 489 144 568 Κ,
173 488 213 550 A.
272 485 396 550 οὐκοῦν
431 494 491 550 τοῦ
528 487 671 569 ὄμματος
841 466 878 521 Γ
973 459 999 526 Δ
1083 473 1109 528 Ζ

98 590 373 677 παραφερομένου
412 592 496 677 πρὸς
535 602 605 666 τοῖς
644 593 677 655 Γ
728 528 865 662 ΚΔ

64 712 81 760 5
100 697 211 785 μέρεσι
225 704 351 762 θᾶττον
364 698 621 783 παρελεύσονται
636 698 673 761 αί
755 766 880 777 *—

99 807 191 883 ὄψεις
213 805 249 869 τὸ
271 807 306 868 Κ
329 806 410 890 ἤπερ
439 805 476 868 τὸ
500 808 539 868 Λ.
583 801 671 881 δόξει
724 769 754 828 A

99 911 222 997 ἄρατὸ
245 913 280 974 Κ
298 910 547 993 ὑπολείπεσθαι,
572 911 609 974 τὸ
633 906 670 974 δὲ

99 1021 131 1082 A
171 1018 218 1093 είς
258 1018 454 1082 τούναντίον
497 1016 670 1102 φέρεσθαι,

98 1122 269 1189 τουτέστιν
296 1123 341 1201 ὡς
367 1121 420 1188 ε’πλ
447 1123 487 1187 τὰ
513 1124 597 1209 πρὸς
623 1132 669 1210 τῷ

46 1243 80 1292 10
100 1236 127 1295 Ζ
150 1230 240 1316 μέρη.
953 1226 992 1284 Β

574 1387 633 1454 νέ.

170 1514 217 1577 Τὰ
240 1513 445 1597 αὐξανόμενα
468 1524 536 1579 τῶν
558 1520 711 1599 μεγεθῶν
734 1515 846 1595 ἔγγιον
870 1514 962 1578 δοκεῖ
982 1523 1029 1601 τῷ
1056 1517 1114 1599 ὄμ-

99 1644 177 1705 ματι
200 1621 437 1706 προσάγεσθαι.

167 1729 248 1792 ἔστω
282 1727 345 1812 γὰρ
377 1724 546 1813 ὁρώμενον
577 1727 614 1790 τὸ
649 1728 709 1790 ΓΒ
741 1725 807 1790 ὑπὸ
839 1736 906 1790 τῶν
938 1728 1021 1810 ΚΒ,
1046 1730 1120 1792 ΚΓ

47 1842 80 1890 15
100 1833 252 1916 ἀκτίνων,
275 1830 330 1897 καὶ
349 1832 504 1917 ηὐξήσθω
528 1834 565 1897 τὸ
584 1836 653 1896 ΒΓ
670 1841 715 1920 τῷ
735 1837 809 1916 ΒΔ,
832 1829 887 1896 καὶ
910 1831 973 1896 ἀπὸ
998 1842 1061 1897 τοῦ
1081 1837 1116 1898 Κ

100 1942 241 2025 ὄμματος
264 1937 492 2025 προσπιπτέτω
520 1936 611 2015 ἀκτὶς
633 1938 653 2020 ἡ
677 1941 754 2002 ΚΔ.
801 1938 924 2002 οὐκοῦν
947 1941 1068 2021 μείζων
1091 1939 1113 2023 ἡ

98 2047 164 2111 ὐπὸ
188 2049 297 2110 ΔΚΓ
319 2049 424 2128 γωνία
451 2054 508 2128 τῆς
530 2044 595 2108 ὐπὸ
619 2046 724 2108 ΒΚΓ
742 2047 871 2127 γωνίας.
917 2043 957 2106 τὰ
985 2041 1021 2108 δέ
1045 2045 1112 2110 ὑπὸ

99 2156 246 2236 μείζονος
268 2157 390 2235 γωνίας
413 2152 563 2238 ὁρώμενα
584 2154 697 2233 ε”γγιον
715 2153 876 2234 φαίνεται,
914 2151 1027 2232 ἔγγιον
1047 2132 1113 2237 ἄρα

100 2257 187 2336 δόξει
211 2254 295 2323 εἶναι
319 2260 355 2322 τὸ
380 2261 441 2323 ΓΛ
463 2260 544 2343 ἥπερ
568 2258 605 2322 τὸ
629 2260 700 2321 ΒΓ.

45 2463 80 2512 20
571 2449 634 2520 νς’.

158 2574 239 2642 Ὅσα
267 2577 311 2659 μὴ
339 2575 375 2640 ἐν
403 2585 448 2662 τῷ
477 2576 566 2662 αὐτῷ
595 2575 797 2659 ἀποστήματι
824 2585 928 2639 κεῖται
954 2575 999 2659 μὴ
1027 2597 1112 2661 παρ-

98 2683 223 2767 άλληλα
241 2685 373 2765 κείμενα
391 2693 458 2746 τῶν
477 2683 588 2767 ἄκρων
606 2683 649 2765 μὴ
663 2682 849 2765 κατάλληλα
863 2679 1023 2764 κειμένων
1042 2694 1113 2747 τῶν

98 2788 207 2875 μέσων
239 2784 321 2871 μηδὲ
353 2785 403 2852 ἐπ’
434 2788 567 2864 εὐθείας
594 2790 715 2871 ὄντων,
747 2789 784 2853 τὸ
813 2788 892 2853 ὅλον
920 2797 1027 2872 σχῆμα
1057 2787 1112 2854 ὁτὲ

101 2893 159 2980 μέν
184 2901 312 2977 κοῖλον,
336 2891 389 2960 ὁτὲ
413 2892 449 2959 δὲ
472 2896 595 2981 κυρτὸν
617 2906 712 2959 ποιεί.

46 3013 80 3062 25
165 3001 301 3088 ὄροίσθω
326 3002 389 3087 γὰρ
413 3003 452 3065 τὰ
475 3007 519 3085 Β,
539 3003 581 3085 Γ,
598 3007 631 3064 A
658 3009 718 3065 τοῦ
746 3003 889 3085 ὄμματος
917 2998 970 3066 ἐπὶ
993 3009 1055 3065 τοῦ
1080 3005 1115 3065 Κ

173 3271 196 3321 5.
217 3262 328 3334 μέρεσιν
346 3265 402 3318 Vv.
477 3271 499 3318 7.
518 3263 550 3317 τὸ
570 3260 613 3334 δέ]
633 3281 701 3318 corr.
722 3280 755 3318 ex
773 3272 821 3318 τοῦ
841 3261 873 3317 δέ
891 3263 923 3317 V.
990 3269 1033 3318 11.
1053 3264 1110 3336 νε’]

100 3337 144 3407 ἔμ’
159 3355 186 3406 p,
206 3337 251 3407 ξβ’
266 3336 299 3405 V,
319 3334 489 3391 vffinras,
508 3352 544 3389 m.
564 3343 580 3388 2
599 3354 624 3388 v.
698 3341 739 3390 12.
761 3335 867 3406 ἔγγειον
885 3334 918 3388 V.
979 3340 1022 3388 14.
1044 3337 1109 3406 ΓΒ]

17 3442 19 3449 -
100 3411 155 3462 ΒΓ
169 3426 196 3477 p.
288 3411 329 3460 15.
353 3402 492 3474 ηὐξείσθω
511 3423 541 3473 v,
566 3407 615 3460 sed
634 3423 702 3460 corr.
795 3414 834 3461 16.
854 3407 946 3474 μεῖζον
964 3423 990 3460 ν,
1067 3411 1110 3460 18.

100 3476 194 3548 ἔγγιον
208 3478 282 3550 (pr.)]
304 3477 411 3547 ἔγγειον
428 3477 462 3546 V,
486 3474 598 3545 μείζονα
617 3496 648 3547 p,
673 3494 725 3532 om.
745 3496 771 3532 v.
845 3475 988 3548 φαίνεται]
1008 3493 1062 3530 om.
1083 3495 1110 3530 v.
