2334 3788
282 125 438 178 εοΗοιιΑ
455 127 495 178 ια
513 122 683 178 τυυτωιε
704 127 841 180 οντιοα.
1005 123 1066 188 131

124 271 177 335 30.
214 267 270 346 Ὡς
298 269 411 354 ἡΔΕ
436 274 504 334 κτλ.
531 292 563 353 p.
582 270 639 354 28,
664 269 720 354 10]
751 269 808 334 διὰ
835 271 872 335 τὸ
896 267 930 333 δ’
954 278 1014 335 τοῦ
1037 267 1071 338 ς’

59 387 127 441 τῶν
155 379 352 460 Στοιχείων·
384 378 542 459 ἰσογώνια
565 378 628 462 γὰρ
652 377 693 440 τά
719 379 866 462 τρίγωνα
894 373 1009 441 διὰτὸ
1034 376 1070 442 ἐν

57 493 131 558 ταῖς
152 484 377 568 παραλλήλοις
400 482 572 567 ἐμπίπτειν
594 482 740 546 εὐθεῖαν.

125 610 177 672 31.
202 605 315 693 ’Ἁχρις
338 602 380 672 οὗ
403 611 567 692 συμβαλεῖ
584 631 614 691 p.
634 608 685 691 28,
705 605 761 691 24]
790 604 938 672 τουτέστι
957 605 1070 693 μέχρις

57 712 102 778 άν
124 715 162 779 τὸ
185 712 288 799 πίρας
310 722 369 778 τοῦ
392 714 499 792 ὕψους
522 713 542 797 ἢ
566 715 603 779 τὸ
627 715 730 799 άκρον
754 713 881 797 δηλαδὴ
905 715 942 779 τὸ
961 719 993 777 Α
1016 713 1070 797 ἐμ-
1107 722 1123 772 5

58 822 241 904 φανήσεται
264 831 310 908 τῷ
333 823 504 908 κατόπτρῳ
528 818 808 908 μετακινουμόνᾳ·
839 820 879 884 οὐ
902 820 965 905 γάρ
988 821 1072 884 κατὰ
1088 828 1125 923 ἐ,

57 928 193 1012 πρώτην
211 929 313 1011 τυχὸν
330 929 522 1013 προσβολὴν
540 936 598 1010 τῆς
616 925 724 1004 ὅψεως
741 924 814 991 κατ’
831 929 975 1010 ἔμφασιν
993 925 1071 1011 ὁρα-

57 1035 196 1116 θήσεται
230 1033 319 1119 παρά
345 1043 403 1117 τῆς
430 1031 539 1110 ὅψεως
566 1032 603 1098 ἐν
629 1041 675 1120 τῷ
703 1035 874 1120 κατόπτρῳ
902 1033 940 1097 τὸ
968 1034 1072 1117 άκρον

57 1149 118 1204 τοῦ
141 1140 258 1218 ὕφους.

126 1265 177 1328 32.
209 1262 263 1328 Ἐν
290 1275 360 1339 τοῖς
387 1267 629 1349 Κατοπτρικοίς
655 1287 686 1347 p.
710 1265 766 1348 30,
791 1263 831 1348 3]
864 1263 920 1328 διά
948 1264 1007 1328 τὸν
1035 1261 1072 1328 ἐν
1092 1273 1126 1324 10

58 1381 129 1446 τοῖς
152 1374 395 1455 Κατοπτρικοῐς
419 1370 499 1455 όρον
523 1369 628 1454 [prop.
646 1367 687 1453 I].

127 1497 178 1562 33.
203 1495 275 1578 ’Ίση
294 1499 399 1578 γωνία
417 1493 437 1578 ἡ
456 1495 521 1559 ὑπὸ
541 1499 638 1559 ΕΖΒ
656 1518 688 1579 p.
703 1495 756 1580 30,
776 1493 833 1578 25]
852 1494 989 1560 κάθετοι
1007 1495 1072 1582 γάρ

58 1603 96 1667 αί
116 1607 180 1666 ΕΖ
202 1600 257 1667 καὶ
281 1607 359 1666 ΑΛ.

67 1704 70 1711 ¹
123 1729 176 1792 34.
207 1725 304 1791 Ἀλλολ
327 1725 382 1791 καλ
405 1725 426 1810 ἡ
448 1725 513 1790 ὑπὸ
538 1729 638 1789 ΑΒΔ
660 1748 690 1808 p.
710 1726 766 1809 30,
787 1724 844 1809 26]
867 1725 950 1789 κατὰ
972 1747 1071 1809 κορυ-

58 1836 128 1918 φὴν
151 1834 223 1919 γάρ.
1092 1839 1124 1890 15

127 1957 178 2022 35.
216 1955 284 2021 Καὶ
315 1956 336 2041 ἡ
368 1958 461 2043 τρίτη
494 1957 559 2041 άρα
591 1979 622 2039 p.
646 1956 703 2040 30,
728 1954 790 2039 26]
823 1953 868 2020 δι’
898 1954 938 2019 ὃν
970 1957 1071 2038 λόγον

60 2061 195 2129 άνωθεν
218 2061 406 2148 γέγραπται.

127 2190 177 2254 36.
221 2185 381 2252 Βλέπεται
417 2209 447 2270 p.
476 2186 594 2272 34,1]
631 2185 737 2261 οὕτως
769 2185 790 2270 ἡ
822 2189 891 2248 ΚΔ
927 2185 1071 2252 ἐλάττων

60 2298 243 2379 φανήσεται
267 2303 324 2378 τῆς
343 2298 408 2357 ΚΒ
431 2295 475 2378 μὴ
499 2302 558 2358 τοῦ
577 2299 610 2357 Δ
632 2294 715 2378 πρὸς
737 2302 777 2378 τῇ
800 2295 994 2380 περιφερείᾳ
1016 2292 1072 2356 (λο-

59 2411 198 2477 κοῦντος
226 2404 422 2485 φαίνεσθαι,
455 2398 527 2465 ἀλλ’
552 2399 706 2467 ὑποκάτω
734 2408 794 2463 τοῦ
816 2403 860 2484 Β,
891 2397 947 2463 καὶ
975 2399 1013 2464 τὸ
1040 2402 1073 2464 Ε
1090 2407 1125 2457 20

62 2508 219 2583 ὡσαύτως
237 2505 312 2591 οὐχὶ
329 2509 413 2593 πρὸς
430 2517 470 2592 τῇ
486 2508 688 2593 περιφερείᾳ,
707 2504 781 2571 ἀλλ’
797 2505 951 2571 ὑποκάτω
965 2513 1025 2570 τοῦ
1039 2510 1072 2570 Δ

61 2613 116 2680 καλ
149 2614 255 2690 οὕτως
287 2614 332 2690 ὡς
362 2612 418 2678 καὶ
450 2614 583 2691 εὐθείας
615 2613 678 2678 άπὸ
706 2621 765 2678 τοῦ
795 2617 823 2676 Β
856 2613 939 2699 πρὸς
965 2611 1073 2699 ὀρθάς

60 2716 265 2804 κατηγμένης
283 2720 340 2784 όιόι
357 2731 425 2785 τῶν
439 2726 482 2804 Δ,
496 2725 528 2784 Ε
545 2719 691 2803 διῆχθαι.
727 2717 811 2783 ἀλλὰ
830 2718 871 2802 δὴ
885 2717 940 2784 καὶ
954 2727 1014 2783 τοῦ
1030 2722 1072 2783 Ζ·

60 2825 116 2892 καὶ
139 2828 176 2892 τὸ
197 2830 224 2889 Ζ
247 2826 310 2911 γάρ
333 2825 487 2890 ὑπωιάτω
510 2834 570 2889 τοῦ
588 2829 620 2889 Ε
640 2824 826 2909 ὀφθήσεται
848 2822 904 2889 καὶ
927 2825 967 2889 οὐ
989 2825 1073 2911 πρὸς

60 2943 100 3019 τῇ
123 2935 324 3018 περιφερείᾳ.
370 2933 429 2996 τὸν
452 2932 554 2997 αὐτὸν
577 2927 760 3017 δὲτρόπον
785 2929 841 2995 καὶ
864 2930 1010 2996 ἀπὸτοῦ
1035 2933 1125 3016 Γ,λὸ

63 3040 108 3116 ὡς
135 3042 317 3123 φαίνεσθαι
346 3035 398 3102 ἐπὶ
421 3047 497 3123 μιᾶς
520 3037 653 3113 εὐθείας
677 3046 735 3122 τῆς
757 3041 826 3102 ΒΓ
846 3038 887 3101 τὰ
909 3041 954 3122 Β,
971 3041 1014 3120 Δ,
1032 3041 1072 3122 Ε,

64 3150 106 3229 Ζ,
125 3149 175 3227 Η,
197 3148 239 3228 Θ,
259 3147 292 3208 Γ
310 3155 463 3228 στοιχεῖα.

97 3283 247 3411 363ᾳ201).
303 3289 345 3337 31.
364 3283 410 3339 V'.
465 3288 507 3338 32.
527 3283 576 3338 Vb.
631 3288 673 3339 33.
693 3281 741 3338 Vb.
796 3287 838 3337 34.
857 3280 907 3336 Vb.
961 3285 1003 3336 35.
1022 3277 1072 3336 Vb.
1134 3362 1152 3373 ΙΙ

134 3488 158 3535 ὅ.
178 3479 208 3552 ἥ]
228 3495 381 3550 suprascr.

898 3559 937 3612 ‹³-
1093 3544 1108 3551 ..
