<?xml version="1.0" encoding="UTF-8"?>
<!DOCTYPE html PUBLIC "-//W3C//DTD XHTML 1.0 Transitional//EN"
    "http://www.w3.org/TR/xhtml1/DTD/xhtml1-transitional.dtd">
<html xmlns="http://www.w3.org/1999/xhtml" xml:lang="en" lang="en">
 <head>
  <title>
</title>
<meta http-equiv="Content-Type" content="text/html;charset=utf-8" />
  <meta name='ocr-system' content='tesseract 3.04.00' />
  <meta name='ocr-capabilities' content='ocr_page ocr_carea ocr_par ocr_line ocrx_word'/>
</head>
<body>
  <div class='ocr_page' id='page_1' title='image "./euclidisoperaom13unkngoog_0057.png"; bbox 0 0 2334 3788; ppageno 0'>
   <div class='ocr_carea' id='block_1_1' title="bbox 87 110 730 166">
    <p class='ocr_par' dir='ltr' id='par_1_1' title="bbox 87 110 730 166">
     <span class='ocr_line' id='line_1_1' title="bbox 87 110 730 166; baseline -0.003 0"><span class='ocrx_word' id='word_1_1' title='bbox 87 111 150 166; x_wconf 85' lang='lat' dir='ltr'><strong>LIV</strong></span> <span class='ocrx_word' id='word_1_2' title='bbox 453 110 730 164; x_wconf 67' lang='lat' dir='ltr'><strong>monacorum.</strong></span> 
     </span>
    </p>
   </div>
   <div class='ocr_carea' id='block_1_2' title="bbox 86 249 1151 3506">
    <p class='ocr_par' dir='ltr' id='par_1_2' title="bbox 86 249 1151 1995">
     <span class='ocr_line' id='line_1_2' title="bbox 87 249 1101 320; baseline -0.001 -16"><span class='ocrx_word' id='word_1_3' title='bbox 87 251 183 305; x_wconf 87' lang='lat' dir='ltr'><strong>buisse</strong></span> <span class='ocrx_word' id='word_1_4' title='bbox 210 250 335 319; x_wconf 84' lang='lat' dir='ltr'><strong>uidetur,</strong></span> <span class='ocrx_word' id='word_1_5' title='bbox 364 265 427 304; x_wconf 89' lang='lat' dir='ltr'><strong>cum</strong></span> <span class='ocrx_word' id='word_1_6' title='bbox 454 249 525 304; x_wconf 90' lang='lat' dir='ltr'><strong>dicit</strong></span> <span class='ocrx_word' id='word_1_7' title='bbox 546 252 661 305; x_wconf 88' lang='lat' dir='ltr'><strong>Meteor.</strong></span> <span class='ocrx_word' id='word_1_8' title='bbox 680 249 707 304; x_wconf 87' lang='lat'><strong>11</strong></span> <span class='ocrx_word' id='word_1_9' title='bbox 733 268 761 320; x_wconf 87' lang='lat' dir='ltr'><strong>p.</strong></span> <span class='ocrx_word' id='word_1_10' title='bbox 782 255 848 306; x_wconf 72' lang='lat'>12¹1:</span> <span class='ocrx_word' id='word_1_11' title='bbox 876 250 968 304; x_wconf 87' lang='lat' dir='ltr'><strong>adhuc</strong></span> <span class='ocrx_word' id='word_1_12' title='bbox 994 251 1101 318; x_wconf 69' lang='lat' dir='ltr'><strong>autm,</strong></span> 
     </span>
     <span class='ocr_line' id='line_1_3' title="bbox 88 328 1098 400; baseline -0.001 -16"><span class='ocrx_word' id='word_1_13' title='bbox 88 329 163 384; x_wconf 88' lang='lat' dir='ltr'><strong>siout</strong></span> <span class='ocrx_word' id='word_1_14' title='bbox 177 328 247 384; x_wconf 87' lang='lat' dir='ltr'><strong>dicit</strong></span> <span class='ocrx_word' id='word_1_15' title='bbox 260 329 399 400; x_wconf 74' lang='lat' dir='ltr'>Euclides,</span> <span class='ocrx_word' id='word_1_16' title='bbox 414 330 559 399; x_wconf 89' lang='lat' dir='ltr'><strong>speculum</strong></span> <span class='ocrx_word' id='word_1_17' title='bbox 571 347 629 385; x_wconf 92' lang='lat' dir='ltr'><strong>non</strong></span> <span class='ocrx_word' id='word_1_18' title='bbox 642 331 754 384; x_wconf 85' lang='lat' dir='ltr'><strong>tantum</strong></span> <span class='ocrx_word' id='word_1_19' title='bbox 767 328 932 384; x_wconf 87' lang='lat' dir='ltr'><strong>manifestat</strong></span> <span class='ocrx_word' id='word_1_20' title='bbox 944 328 1098 399; x_wconf 76' lang='lat' dir='ltr'><strong>imaginem</strong></span> 
     </span>
     <span class='ocr_line' id='line_1_4' title="bbox 87 408 1099 480; baseline 0 -16"><span class='ocrx_word' id='word_1_21' title='bbox 87 410 137 480; x_wconf 90' lang='lat' dir='ltr'><strong>rei,</strong></span> <span class='ocrx_word' id='word_1_22' title='bbox 156 408 310 465; x_wconf 87' lang='lat' dir='ltr'><strong>sedetiam</strong></span> <span class='ocrx_word' id='word_1_23' title='bbox 329 409 496 464; x_wconf 74' lang='lat' dir='ltr'><strong>distantiam</strong></span> <span class='ocrx_word' id='word_1_24' title='bbox 514 410 573 465; x_wconf 89' lang='lat' dir='ltr'><strong>eius</strong></span> <span class='ocrx_word' id='word_1_25' title='bbox 593 427 610 464; x_wconf 88' lang='lat' dir='ltr'><strong>a</strong></span> <span class='ocrx_word' id='word_1_26' title='bbox 629 409 750 479; x_wconf 85' lang='lat' dir='ltr'><strong>speculo,</strong></span> <span class='ocrx_word' id='word_1_27' title='bbox 769 409 838 478; x_wconf 90' lang='lat' dir='ltr'><strong>quia</strong></span> <span class='ocrx_word' id='word_1_28' title='bbox 851 425 903 478; x_wconf 86' lang='lat' dir='ltr'><strong>res,</strong></span> <span class='ocrx_word' id='word_1_29' title='bbox 922 425 995 478; x_wconf 86' lang='lat' dir='ltr'><strong>quae</strong></span> <span class='ocrx_word' id='word_1_30' title='bbox 1012 408 1099 479; x_wconf 80' lang='lat' dir='ltr'><strong>longe</strong></span> 
     </span>
     <span class='ocr_line' id='line_1_5' title="bbox 88 489 1098 560; baseline 0 -17"><span class='ocrx_word' id='word_1_31' title='bbox 88 490 177 544; x_wconf 88' lang='lat' dir='ltr'><strong>distat</strong></span> <span class='ocrx_word' id='word_1_32' title='bbox 195 507 213 543; x_wconf 90' lang='lat' dir='ltr'><strong>a</strong></span> <span class='ocrx_word' id='word_1_33' title='bbox 231 489 352 560; x_wconf 90' lang='lat' dir='ltr'><strong>speculo,</strong></span> <span class='ocrx_word' id='word_1_34' title='bbox 371 489 484 544; x_wconf 88' lang='lat' dir='ltr'><strong>uidetur</strong></span> <span class='ocrx_word' id='word_1_35' title='bbox 502 506 563 544; x_wconf 90' lang='lat' dir='ltr'><strong>esse</strong></span> <span class='ocrx_word' id='word_1_36' title='bbox 581 490 612 544; x_wconf 89' lang='lat' dir='ltr'><strong>in</strong></span> <span class='ocrx_word' id='word_1_37' title='bbox 624 489 795 559; x_wconf 87' lang='lat' dir='ltr'><strong>profundum</strong></span> <span class='ocrx_word' id='word_1_38' title='bbox 813 489 919 559; x_wconf 81' lang='lat' dir='ltr'><strong>speculi</strong></span> <span class='ocrx_word' id='word_1_39' title='bbox 936 489 973 544; x_wconf 90' lang='lat' dir='ltr'><strong>ad</strong></span> <span class='ocrx_word' id='word_1_40' title='bbox 986 490 1098 543; x_wconf 84' lang='lat' dir='ltr'><strong>tantam</strong></span> 
     </span>
     <span class='ocr_line' id='line_1_6' title="bbox 88 568 1100 640; baseline 0.001 -18"><span class='ocrx_word' id='word_1_41' title='bbox 88 569 266 639; x_wconf 75' lang='lat' dir='ltr'><strong>distantiam,</strong></span> <span class='ocrx_word' id='word_1_42' title='bbox 291 569 328 624; x_wconf 90' lang='lat' dir='ltr'><strong>ad</strong></span> <span class='ocrx_word' id='word_1_43' title='bbox 350 572 487 638; x_wconf 88' lang='lat' dir='ltr'><strong>quantam</strong></span> <span class='ocrx_word' id='word_1_44' title='bbox 509 569 599 624; x_wconf 84' lang='lat' dir='ltr'><strong>distat</strong></span> <span class='ocrx_word' id='word_1_45' title='bbox 622 587 640 624; x_wconf 91' lang='lat' dir='ltr'><strong>a</strong></span> <span class='ocrx_word' id='word_1_46' title='bbox 657 570 802 640; x_wconf 85' lang='lat' dir='ltr'><strong>superficie</strong></span> <span class='ocrx_word' id='word_1_47' title='bbox 826 569 933 640; x_wconf 85' lang='lat' dir='ltr'><strong>speculi</strong></span> <span class='ocrx_word' id='word_1_48' title='bbox 951 568 1009 640; x_wconf 84' lang='lat' dir='ltr'><strong>(cfr.</strong></span> <span class='ocrx_word' id='word_1_49' title='bbox 1029 568 1100 623; x_wconf 89' lang='lat' dir='ltr'><strong>Uin·</strong></span> 
     </span>
     <span class='ocr_line' id='line_1_7' title="bbox 89 647 1098 719; baseline -0.002 -15"><span class='ocrx_word' id='word_1_50' title='bbox 89 648 197 704; x_wconf 91' lang='lat' dir='ltr'><strong>centius</strong></span> <span class='ocrx_word' id='word_1_51' title='bbox 215 649 357 704; x_wconf 89' lang='lat' dir='ltr'><strong>Bellouac.</strong></span> <span class='ocrx_word' id='word_1_52' title='bbox 377 647 486 718; x_wconf 85' lang='lat' dir='ltr'><strong>Specul.</strong></span> <span class='ocrx_word' id='word_1_53' title='bbox 505 652 562 705; x_wconf 86' lang='lat' dir='ltr'><strong>net.</strong></span> <span class='ocrx_word' id='word_1_54' title='bbox 581 649 615 719; x_wconf 88' lang='lat' dir='ltr'><strong>II,</strong></span> <span class='ocrx_word' id='word_1_55' title='bbox 634 655 682 706; x_wconf 85' lang='lat'><strong>80:</strong></span> <span class='ocrx_word' id='word_1_56' title='bbox 708 649 842 719; x_wconf 84' lang='lat' dir='ltr'><strong>qnoniam</strong></span> <span class='ocrx_word' id='word_1_57' title='bbox 859 649 890 704; x_wconf 92' lang='lat' dir='ltr'><strong>in</strong></span> <span class='ocrx_word' id='word_1_58' title='bbox 909 648 1021 719; x_wconf 90' lang='lat' dir='ltr'><strong>speculo</strong></span> <span class='ocrx_word' id='word_1_59' title='bbox 1039 665 1098 703; x_wconf 88' lang='lat' dir='ltr'><strong>non</strong></span> 
     </span>
     <span class='ocr_line' id='line_1_8' title="bbox 87 728 1102 799; baseline 0 -16"><span class='ocrx_word' id='word_1_60' title='bbox 87 728 207 784; x_wconf 86' lang='lat' dir='ltr'><strong>resultat</strong></span> <span class='ocrx_word' id='word_1_61' title='bbox 225 729 315 784; x_wconf 84' lang='lat' dir='ltr'><strong>forma</strong></span> <span class='ocrx_word' id='word_1_62' title='bbox 328 729 532 799; x_wconf 88' lang='lat' dir='ltr'><strong>tantummodo,</strong></span> <span class='ocrx_word' id='word_1_63' title='bbox 552 729 602 783; x_wconf 89' lang='lat' dir='ltr'><strong>sed</strong></span> <span class='ocrx_word' id='word_1_64' title='bbox 615 729 702 784; x_wconf 88' lang='lat' dir='ltr'><strong>etiam</strong></span> <span class='ocrx_word' id='word_1_65' title='bbox 715 729 860 799; x_wconf 81' lang='lat' dir='ltr'><strong>distantia,</strong></span> <span class='ocrx_word' id='word_1_66' title='bbox 880 746 952 798; x_wconf 86' lang='lat' dir='ltr'><strong>quae</strong></span> <span class='ocrx_word' id='word_1_67' title='bbox 966 732 1010 784; x_wconf 90' lang='lat' dir='ltr'><strong>est</strong></span> <span class='ocrx_word' id='word_1_68' title='bbox 1022 729 1102 783; x_wconf 83' lang='lat' dir='ltr'><strong>inter</strong></span> 
     </span>
     <span class='ocr_line' id='line_1_9' title="bbox 88 808 1101 880; baseline 0 -16"><span class='ocrx_word' id='word_1_69' title='bbox 88 809 291 880; x_wconf 65' lang='lat' dir='ltr'><strong>adspicienmm</strong></span> <span class='ocrx_word' id='word_1_70' title='bbox 318 812 347 863; x_wconf 99' lang='grc' dir='ltr'><strong>εὴ</strong></span> <span class='ocrx_word' id='word_1_71' title='bbox 370 808 523 879; x_wconf 91' lang='lat' dir='ltr'><strong>speculum)</strong></span> <span class='ocrx_word' id='word_1_72' title='bbox 551 811 580 863; x_wconf 88' lang='lat' dir='ltr'><strong>et</strong></span> <span class='ocrx_word' id='word_1_73' title='bbox 602 809 643 864; x_wconf 90' lang='lat' dir='ltr'><strong>De</strong></span> <span class='ocrx_word' id='word_1_74' title='bbox 667 826 749 864; x_wconf 90' lang='lat' dir='ltr'><strong>sensu</strong></span> <span class='ocrx_word' id='word_1_75' title='bbox 772 812 802 864; x_wconf 92' lang='lat' dir='ltr'><strong>et</strong></span> <span class='ocrx_word' id='word_1_76' title='bbox 824 812 936 864; x_wconf 86' lang='lat' dir='ltr'><strong>sensato</strong></span> <span class='ocrx_word' id='word_1_77' title='bbox 953 809 980 863; x_wconf 90' lang='lat' dir='ltr'><strong>V</strong></span> <span class='ocrx_word' id='word_1_78' title='bbox 1001 826 1029 879; x_wconf 86' lang='lat' dir='ltr'><strong>p.</strong></span> <span class='ocrx_word' id='word_1_79' title='bbox 1049 815 1101 864; x_wconf 83' lang='lat'>11.-</span> 
     </span>
     <span class='ocr_line' id='line_1_10' title="bbox 86 887 1098 958; baseline -0.003 -14"><span class='ocrx_word' id='word_1_80' title='bbox 86 889 184 944; x_wconf 87' lang='lat' dir='ltr'><strong>taliter</strong></span> <span class='ocrx_word' id='word_1_81' title='bbox 201 891 297 958; x_wconf 88' lang='lat' dir='ltr'><strong>potest</strong></span> <span class='ocrx_word' id='word_1_82' title='bbox 313 888 421 951; x_wconf 91' lang='lat' dir='ltr'><strong>moueri</strong></span> <span class='ocrx_word' id='word_1_83' title='bbox 439 888 577 943; x_wconf 80' lang='lat' dir='ltr'><strong>elenando</strong></span> <span class='ocrx_word' id='word_1_84' title='bbox 596 892 625 943; x_wconf 91' lang='lat' dir='ltr'><strong>et</strong></span> <span class='ocrx_word' id='word_1_85' title='bbox 643 889 823 957; x_wconf 89' lang='lat' dir='ltr'><strong>deprimendo</strong></span> <span class='ocrx_word' id='word_1_86' title='bbox 842 887 998 958; x_wconf 89' lang='lat' dir='ltr'><strong>speculum,</strong></span> <span class='ocrx_word' id='word_1_87' title='bbox 1021 887 1098 956; x_wconf 90' lang='lat' dir='ltr'><strong>quod</strong></span> 
     </span>
     <span class='ocr_line' id='line_1_11' title="bbox 88 966 1101 1038; baseline -0.004 -14"><span class='ocrx_word' id='word_1_88' title='bbox 88 969 188 1024; x_wconf 90' lang='lat' dir='ltr'><strong>uidens</strong></span> <span class='ocrx_word' id='word_1_89' title='bbox 211 968 322 1023; x_wconf 89' lang='lat' dir='ltr'><strong>uidebit</strong></span> <span class='ocrx_word' id='word_1_90' title='bbox 344 967 489 1038; x_wconf 89' lang='lat' dir='ltr'><strong>speculum</strong></span> <span class='ocrx_word' id='word_1_91' title='bbox 516 972 545 1022; x_wconf 94' lang='grc' dir='ltr'><strong>εὴ</strong></span> <span class='ocrx_word' id='word_1_92' title='bbox 567 971 663 1023; x_wconf 87' lang='lat' dir='ltr'><strong>tamen</strong></span> <span class='ocrx_word' id='word_1_93' title='bbox 687 986 745 1024; x_wconf 91' lang='lat' dir='ltr'><strong>non</strong></span> <span class='ocrx_word' id='word_1_94' title='bbox 766 968 877 1023; x_wconf 89' lang='lat' dir='ltr'><strong>uidebit</strong></span> <span class='ocrx_word' id='word_1_95' title='bbox 900 984 929 1022; x_wconf 97' lang='lat' dir='ltr'><strong>se</strong></span> <span class='ocrx_word' id='word_1_96' title='bbox 951 967 1045 1038; x_wconf 89' lang='lat' dir='ltr'><strong>ipsum</strong></span> <span class='ocrx_word' id='word_1_97' title='bbox 1066 966 1101 1020; x_wconf 91' lang='lat' dir='ltr'><strong>in</strong></span> 
     </span>
     <span class='ocr_line' id='line_1_12' title="bbox 88 1046 1097 1120; baseline -0.003 -15"><span class='ocrx_word' id='word_1_98' title='bbox 88 1050 215 1120; x_wconf 89' lang='lat' dir='ltr'><strong>speculo,</strong></span> <span class='ocrx_word' id='word_1_99' title='bbox 244 1049 317 1103; x_wconf 90' lang='lat' dir='ltr'><strong>sicut</strong></span> <span class='ocrx_word' id='word_1_100' title='bbox 340 1049 563 1103; x_wconf 87' lang='lat' dir='ltr'><strong>demonstratum</strong></span> <span class='ocrx_word' id='word_1_101' title='bbox 585 1051 629 1102; x_wconf 89' lang='lat' dir='ltr'><strong>est</strong></span> <span class='ocrx_word' id='word_1_102' title='bbox 651 1048 688 1102; x_wconf 87' lang='lat' dir='ltr'><strong>ab</strong></span> <span class='ocrx_word' id='word_1_103' title='bbox 710 1048 828 1103; x_wconf 85' lang='lat' dir='ltr'><strong>Euclide</strong></span> <span class='ocrx_word' id='word_1_104' title='bbox 849 1047 880 1102; x_wconf 93' lang='lat' dir='ltr'><strong>in</strong></span> <span class='ocrx_word' id='word_1_105' title='bbox 901 1046 1097 1118; x_wconf 88' lang='lat' dir='ltr'><strong>prospectiuis.</strong></span> 
     </span>
     <span class='ocr_line' id='line_1_13' title="bbox 89 1127 1099 1197; baseline 0 -13"><span class='ocrx_word' id='word_1_106' title='bbox 89 1132 124 1186; x_wconf 87' lang='lat' dir='ltr'><strong>dc</strong></span> <span class='ocrx_word' id='word_1_107' title='bbox 141 1128 292 1186; x_wconf 87' lang='lat' dir='ltr'><strong>Uincentio</strong></span> <span class='ocrx_word' id='word_1_108' title='bbox 306 1127 501 1182; x_wconf 88' lang='lat' dir='ltr'><strong>Bellouacensi</strong></span> <span class='ocrx_word' id='word_1_109' title='bbox 519 1143 563 1181; x_wconf 90' lang='lat' dir='ltr'><strong>res</strong></span> <span class='ocrx_word' id='word_1_110' title='bbox 582 1127 690 1182; x_wconf 83' lang='lat' dir='ltr'><strong>incerta</strong></span> <span class='ocrx_word' id='word_1_111' title='bbox 708 1131 764 1197; x_wconf 86' lang='lat' dir='ltr'><strong>est;</strong></span> <span class='ocrx_word' id='word_1_112' title='bbox 784 1127 832 1183; x_wconf 85' lang='lat' dir='ltr'><strong>cfr.</strong></span> <span class='ocrx_word' id='word_1_113' title='bbox 847 1128 925 1197; x_wconf 78' lang='lat' dir='ltr'><strong>Spec.</strong></span> <span class='ocrx_word' id='word_1_114' title='bbox 936 1131 994 1184; x_wconf 88' lang='lat' dir='ltr'><strong>nat.</strong></span> <span class='ocrx_word' id='word_1_115' title='bbox 1004 1128 1039 1197; x_wconf 87' lang='lat' dir='ltr'><strong>H,</strong></span> <span class='ocrx_word' id='word_1_116' title='bbox 1050 1132 1099 1184; x_wconf 74' lang='lat'><strong>772</strong></span> 
     </span>
     <span class='ocr_line' id='line_1_14' title="bbox 89 1205 1101 1276; baseline -0.005 -12"><span class='ocrx_word' id='word_1_117' title='bbox 89 1210 125 1264; x_wconf 88' lang='lat' dir='ltr'><strong>ab</strong></span> <span class='ocrx_word' id='word_1_118' title='bbox 144 1208 260 1263; x_wconf 77' lang='lat' dir='ltr'><strong>Euclide</strong></span> <span class='ocrx_word' id='word_1_119' title='bbox 278 1206 422 1262; x_wconf 89' lang='lat' dir='ltr'><strong>inuenitur</strong></span> <span class='ocrx_word' id='word_1_120' title='bbox 439 1206 601 1276; x_wconf 88' lang='lat' dir='ltr'><strong>probatum,</strong></span> <span class='ocrx_word' id='word_1_121' title='bbox 620 1206 697 1275; x_wconf 91' lang='lat' dir='ltr'><strong>quod</strong></span> <span class='ocrx_word' id='word_1_122' title='bbox 714 1205 837 1261; x_wconf 87' lang='lat' dir='ltr'><strong>reflectio</strong></span> <span class='ocrx_word' id='word_1_123' title='bbox 855 1205 969 1261; x_wconf 87' lang='lat' dir='ltr'><strong>luminis</strong></span> <span class='ocrx_word' id='word_1_124' title='bbox 989 1221 1101 1276; x_wconf 88' lang='lat' dir='ltr'><strong>semper</strong></span> 
     </span>
     <span class='ocr_line' id='line_1_15' title="bbox 88 1285 1101 1358; baseline -0.001 -16"><span class='ocrx_word' id='word_1_125' title='bbox 88 1290 121 1342; x_wconf 89' lang='lat' dir='ltr'><strong>fit</strong></span> <span class='ocrx_word' id='word_1_126' title='bbox 139 1289 176 1342; x_wconf 89' lang='lat' dir='ltr'><strong>ad</strong></span> <span class='ocrx_word' id='word_1_127' title='bbox 193 1303 275 1357; x_wconf 86' lang='lat' dir='ltr'><strong>pares</strong></span> <span class='ocrx_word' id='word_1_128' title='bbox 294 1286 413 1357; x_wconf 81' lang='lat' dir='ltr'><strong>angulos</strong></span> <span class='ocrx_word' id='word_1_129' title='bbox 432 1286 478 1340; x_wconf 91' lang='lat' dir='ltr'><strong>uel</strong></span> <span class='ocrx_word' id='word_1_130' title='bbox 491 1285 522 1341; x_wconf 90' lang='lat' dir='ltr'><strong>in</strong></span> <span class='ocrx_word' id='word_1_131' title='bbox 536 1303 566 1340; x_wconf 90' lang='lat' dir='ltr'><strong>se</strong></span> <span class='ocrx_word' id='word_1_132' title='bbox 580 1285 684 1357; x_wconf 87' lang='lat' dir='ltr'><strong>ipsum;</strong></span> <span class='ocrx_word' id='word_1_133' title='bbox 704 1287 741 1341; x_wconf 84' lang='lat' dir='ltr'><strong>ad</strong></span> <span class='ocrx_word' id='word_1_134' title='bbox 753 1303 835 1355; x_wconf 87' lang='lat' dir='ltr'><strong>pares</strong></span> <span class='ocrx_word' id='word_1_135' title='bbox 850 1286 964 1355; x_wconf 87' lang='lat' dir='ltr'><strong>quidem</strong></span> <span class='ocrx_word' id='word_1_136' title='bbox 978 1287 1101 1358; x_wconf 71' lang='lat' dir='ltr'><strong>angulos</strong></span> 
     </span>
     <span class='ocr_line' id='line_1_16' title="bbox 87 1364 1151 1437; baseline 0.001 -17"><span class='ocrx_word' id='word_1_137' title='bbox 87 1367 129 1436; x_wconf 89' lang='lat' dir='ltr'><strong>fit,</strong></span> <span class='ocrx_word' id='word_1_138' title='bbox 148 1365 285 1420; x_wconf 84' lang='lat' dir='ltr'><strong>siradius</strong></span> <span class='ocrx_word' id='word_1_139' title='bbox 305 1382 339 1419; x_wconf 85' lang='lat' dir='ltr'><strong>ex</strong></span> <span class='ocrx_word' id='word_1_140' title='bbox 357 1364 472 1432; x_wconf 89' lang='lat' dir='ltr'><strong>obliquo</strong></span> <span class='ocrx_word' id='word_1_141' title='bbox 490 1365 606 1419; x_wconf 90' lang='lat' dir='ltr'><strong>ueniens</strong></span> <span class='ocrx_word' id='word_1_142' title='bbox 625 1369 669 1420; x_wconf 90' lang='lat' dir='ltr'><strong>est</strong></span> <span class='ocrx_word' id='word_1_143' title='bbox 687 1367 723 1420; x_wconf 85' lang='lat' dir='ltr'><strong>ad</strong></span> <span class='ocrx_word' id='word_1_144' title='bbox 742 1366 915 1435; x_wconf 83' lang='lat' dir='ltr'><strong>superficiem</strong></span> <span class='ocrx_word' id='word_1_145' title='bbox 933 1367 1048 1437; x_wconf 88' lang='lat' dir='ltr'><strong>speculi,</strong></span> <span class='ocrx_word' id='word_1_146' title='bbox 1066 1365 1099 1421; x_wconf 84' lang='lat' dir='ltr'><strong>in</strong></span> <span class='ocrx_word' id='word_1_147' title='bbox 1149 1395 1151 1400; x_wconf 62' lang='lat'>=</span> 
     </span>
     <span class='ocr_line' id='line_1_17' title="bbox 88 1444 1099 1517; baseline 0.001 -17"><span class='ocrx_word' id='word_1_148' title='bbox 88 1463 118 1500; x_wconf 90' lang='lat' dir='ltr'><strong>se</strong></span> <span class='ocrx_word' id='word_1_149' title='bbox 140 1445 234 1515; x_wconf 90' lang='lat' dir='ltr'><strong>ipsum</strong></span> <span class='ocrx_word' id='word_1_150' title='bbox 257 1448 364 1513; x_wconf 86' lang='lat' dir='ltr'><strong>autem,</strong></span> <span class='ocrx_word' id='word_1_151' title='bbox 388 1444 413 1497; x_wconf 92' lang='lat' dir='ltr'><strong>si</strong></span> <span class='ocrx_word' id='word_1_152' title='bbox 430 1445 699 1514; x_wconf 86' lang='lat' dir='ltr'><strong>perpendiculariter</strong></span> <span class='ocrx_word' id='word_1_153' title='bbox 716 1445 850 1516; x_wconf 79' lang='lat' dir='ltr'><strong>(Oatoptr.</strong></span> <span class='ocrx_word' id='word_1_154' title='bbox 872 1450 962 1517; x_wconf 78' lang='lat'>1-2);</span> <span class='ocrx_word' id='word_1_155' title='bbox 990 1447 1029 1515; x_wconf 88' lang='lat' dir='ltr'><strong>ll,</strong></span> <span class='ocrx_word' id='word_1_156' title='bbox 1048 1451 1099 1502; x_wconf 69' lang='lat'><strong>812</strong></span> 
     </span>
     <span class='ocr_line' id='line_1_18' title="bbox 87 1524 1099 1596; baseline 0.001 -17"><span class='ocrx_word' id='word_1_157' title='bbox 87 1543 145 1580; x_wconf 90' lang='lat' dir='ltr'><strong>non</strong></span> <span class='ocrx_word' id='word_1_158' title='bbox 164 1525 254 1579; x_wconf 92' lang='lat' dir='ltr'><strong>solum</strong></span> <span class='ocrx_word' id='word_1_159' title='bbox 271 1541 338 1578; x_wconf 90' lang='lat' dir='ltr'><strong>uero</strong></span> <span class='ocrx_word' id='word_1_160' title='bbox 358 1524 476 1593; x_wconf 87' lang='lat' dir='ltr'><strong>adparet</strong></span> <span class='ocrx_word' id='word_1_161' title='bbox 494 1525 593 1579; x_wconf 85' lang='lat' dir='ltr'><strong>dextra</strong></span> <span class='ocrx_word' id='word_1_162' title='bbox 611 1525 725 1580; x_wconf 86' lang='lat' dir='ltr'><strong>sinistra</strong></span> <span class='ocrx_word' id='word_1_163' title='bbox 743 1528 772 1580; x_wconf 89' lang='lat' dir='ltr'><strong>et</strong></span> <span class='ocrx_word' id='word_1_164' title='bbox 790 1529 918 1580; x_wconf 87' lang='lat' dir='ltr'><strong>econtra</strong></span> <span class='ocrx_word' id='word_1_165' title='bbox 931 1525 961 1580; x_wconf 90' lang='lat' dir='ltr'><strong>in</strong></span> <span class='ocrx_word' id='word_1_166' title='bbox 975 1524 1099 1596; x_wconf 79' lang='lat' dir='ltr'><strong>speculis</strong></span> 
     </span>
     <span class='ocr_line' id='line_1_19' title="bbox 88 1604 1102 1676; baseline -0.001 -17"><span class='ocrx_word' id='word_1_167' title='bbox 88 1605 220 1661; x_wconf 84' lang='lat' dir='ltr'><strong>connexis</strong></span> <span class='ocrx_word' id='word_1_168' title='bbox 239 1604 372 1675; x_wconf 84' lang='lat' dir='ltr'><strong>(Catoptr.</strong></span> <span class='ocrx_word' id='word_1_169' title='bbox 393 1607 450 1674; x_wconf 81' lang='lat'><strong>20),</strong></span> <span class='ocrx_word' id='word_1_170' title='bbox 474 1604 629 1659; x_wconf 88' lang='lat' dir='ltr'><strong>sedetiam</strong></span> <span class='ocrx_word' id='word_1_171' title='bbox 646 1604 787 1674; x_wconf 80' lang='lat' dir='ltr'><strong>inpleris</strong></span> <span class='ocrx_word' id='word_1_172' title='bbox 806 1605 939 1675; x_wconf 77' lang='lat' dir='ltr'><strong>(Oatoptr</strong></span> <span class='ocrx_word' id='word_1_173' title='bbox 960 1608 1016 1676; x_wconf 79' lang='lat'><strong>19),</strong></span> <span class='ocrx_word' id='word_1_174' title='bbox 1039 1622 1102 1660; x_wconf 62' lang='lat' dir='ltr'><strong>non,</strong></span> 
     </span>
     <span class='ocr_line' id='line_1_20' title="bbox 88 1683 1096 1754; baseline -0.001 -14"><span class='ocrx_word' id='word_1_175' title='bbox 88 1689 184 1740; x_wconf 86' lang='lat' dir='ltr'><strong>tamen</strong></span> <span class='ocrx_word' id='word_1_176' title='bbox 207 1701 361 1754; x_wconf 86' lang='lat' dir='ltr'><strong>excausa,</strong></span> <span class='ocrx_word' id='word_1_177' title='bbox 389 1700 475 1753; x_wconf 88' lang='lat' dir='ltr'><strong>quam</strong></span> <span class='ocrx_word' id='word_1_178' title='bbox 497 1684 527 1738; x_wconf 91' lang='lat' dir='ltr'><strong>in</strong></span> <span class='ocrx_word' id='word_1_179' title='bbox 550 1684 623 1739; x_wconf 89' lang='lat' dir='ltr'><strong>libro</strong></span> <span class='ocrx_word' id='word_1_180' title='bbox 651 1684 686 1738; x_wconf 88' lang='lat' dir='ltr'><strong>de</strong></span> <span class='ocrx_word' id='word_1_181' title='bbox 711 1683 830 1753; x_wconf 88' lang='lat' dir='ltr'><strong>speculis</strong></span> <span class='ocrx_word' id='word_1_182' title='bbox 852 1683 934 1753; x_wconf 87' lang='lat' dir='ltr'><strong>ponit</strong></span> <span class='ocrx_word' id='word_1_183' title='bbox 956 1683 1096 1754; x_wconf 87' lang='lat' dir='ltr'><strong>Euclides,</strong></span> 
     </span>
     <span class='ocr_line' id='line_1_21' title="bbox 87 1763 1100 1835; baseline -0.001 -16"><span class='ocrx_word' id='word_1_184' title='bbox 87 1765 223 1821; x_wconf 90' lang='lat' dir='ltr'><strong>uidelicet</strong></span> <span class='ocrx_word' id='word_1_185' title='bbox 241 1782 273 1820; x_wconf 90' lang='lat' dir='ltr'><strong>eo</strong></span> <span class='ocrx_word' id='word_1_186' title='bbox 292 1764 368 1833; x_wconf 89' lang='lat' dir='ltr'><strong>quod</strong></span> <span class='ocrx_word' id='word_1_187' title='bbox 386 1763 532 1818; x_wconf 89' lang='lat' dir='ltr'><strong>uideamus</strong></span> <span class='ocrx_word' id='word_1_188' title='bbox 550 1780 601 1834; x_wconf 91' lang='lat' dir='ltr'><strong>per</strong></span> <span class='ocrx_word' id='word_1_189' title='bbox 616 1764 705 1818; x_wconf 89' lang='lat' dir='ltr'><strong>lineas</strong></span> <span class='ocrx_word' id='word_1_190' title='bbox 723 1763 845 1818; x_wconf 86' lang='lat' dir='ltr'><strong>radieles</strong></span> <span class='ocrx_word' id='word_1_191' title='bbox 865 1765 901 1818; x_wconf 89' lang='lat' dir='ltr'><strong>ab</strong></span> <span class='ocrx_word' id='word_1_192' title='bbox 916 1764 1004 1819; x_wconf 90' lang='lat' dir='ltr'><strong>oculis</strong></span> <span class='ocrx_word' id='word_1_193' title='bbox 1019 1781 1100 1835; x_wconf 78' lang='lat' dir='ltr'><strong>egre-</strong></span> 
     </span>
     <span class='ocr_line' id='line_1_22' title="bbox 89 1843 1097 1916; baseline 0.002 -18"><span class='ocrx_word' id='word_1_194' title='bbox 89 1845 198 1901; x_wconf 87' lang='lat' dir='ltr'><strong>dientes</strong></span> <span class='ocrx_word' id='word_1_195' title='bbox 217 1845 351 1916; x_wconf 83' lang='lat' dir='ltr'><strong>(Catoptr.</strong></span> <span class='ocrx_word' id='word_1_196' title='bbox 369 1862 396 1913; x_wconf 89' lang='lat' dir='ltr'><strong>p.</strong></span> <span class='ocrx_word' id='word_1_197' title='bbox 413 1850 477 1914; x_wconf 79' lang='lat'><strong>286,</strong></span> <span class='ocrx_word' id='word_1_198' title='bbox 498 1848 532 1916; x_wconf 88' lang='lat'><strong>1).</strong></span> <span class='ocrx_word' id='word_1_199' title='bbox 570 1844 620 1899; x_wconf 90' lang='lat' dir='ltr'><strong>sed</strong></span> <span class='ocrx_word' id='word_1_200' title='bbox 637 1843 750 1898; x_wconf 91' lang='lat' dir='ltr'><strong>uidetur</strong></span> <span class='ocrx_word' id='word_1_201' title='bbox 768 1847 863 1898; x_wconf 85' lang='lat' dir='ltr'><strong>tomen</strong></span> <span class='ocrx_word' id='word_1_202' title='bbox 881 1847 1007 1899; x_wconf 88' lang='lat' dir='ltr'><strong>nostrum</strong></span> <span class='ocrx_word' id='word_1_203' title='bbox 1026 1862 1097 1915; x_wconf 87' lang='lat' dir='ltr'><strong>opus</strong></span> 
     </span>
     <span class='ocr_line' id='line_1_23' title="bbox 87 1942 233 1995; baseline 0.007 -16"><span class='ocrx_word' id='word_1_204' title='bbox 87 1942 233 1995; x_wconf 88' lang='lat' dir='ltr'><strong>resprcere.</strong></span> 
     </span>
    </p>

    <p class='ocr_par' dir='ltr' id='par_1_3' title="bbox 86 2002 1099 3106">
     <span class='ocr_line' id='line_1_24' title="bbox 159 2002 1097 2074; baseline 0 -16"><span class='ocrx_word' id='word_1_205' title='bbox 159 2005 218 2059; x_wconf 89' lang='lat' dir='ltr'><strong>sine</strong></span> <span class='ocrx_word' id='word_1_206' title='bbox 241 2003 300 2058; x_wconf 88' lang='lat' dir='ltr'><strong>ullo</strong></span> <span class='ocrx_word' id='word_1_207' title='bbox 324 2002 410 2057; x_wconf 92' lang='lat' dir='ltr'><strong>dubio</strong></span> <span class='ocrx_word' id='word_1_208' title='bbox 433 2003 582 2071; x_wconf 87' lang='lat' dir='ltr'><strong>respicitur</strong></span> <span class='ocrx_word' id='word_1_209' title='bbox 608 2003 639 2057; x_wconf 91' lang='lat' dir='ltr'><strong>in</strong></span> <span class='ocrx_word' id='word_1_210' title='bbox 661 2006 784 2058; x_wconf 86' lang='lat' dir='ltr'><strong>tractatu</strong></span> <span class='ocrx_word' id='word_1_211' title='bbox 812 2004 847 2058; x_wconf 89' lang='lat' dir='ltr'><strong>de</strong></span> <span class='ocrx_word' id='word_1_212' title='bbox 872 2002 992 2073; x_wconf 83' lang='lat' dir='ltr'><strong>speculis</strong></span> <span class='ocrx_word' id='word_1_213' title='bbox 1021 2005 1097 2074; x_wconf 89' lang='lat' dir='ltr'><strong>apud</strong></span> 
     </span>
     <span class='ocr_line' id='line_1_25' title="bbox 87 2082 1097 2153; baseline 0.001 -17"><span class='ocrx_word' id='word_1_214' title='bbox 87 2083 242 2153; x_wconf 78' lang='lat' dir='ltr'><strong>(lombach,</strong></span> <span class='ocrx_word' id='word_1_215' title='bbox 265 2083 385 2137; x_wconf 86' lang='lat' dir='ltr'><strong>Baconis</strong></span> <span class='ocrx_word' id='word_1_216' title='bbox 408 2086 545 2153; x_wconf 78' lang='lat' dir='ltr'><strong>per-spect.</strong></span> <span class='ocrx_word' id='word_1_217' title='bbox 564 2101 591 2151; x_wconf 92' lang='lat' dir='ltr'><strong>p.</strong></span> <span class='ocrx_word' id='word_1_218' title='bbox 612 2089 676 2138; x_wconf 82' lang='lat'><strong>168:</strong></span> <span class='ocrx_word' id='word_1_219' title='bbox 703 2100 737 2137; x_wconf 84' lang='lat' dir='ltr'><strong>ex</strong></span> <span class='ocrx_word' id='word_1_220' title='bbox 760 2082 890 2138; x_wconf 85' lang='lat' dir='ltr'><strong>concauis</strong></span> <span class='ocrx_word' id='word_1_221' title='bbox 915 2083 1035 2153; x_wconf 88' lang='lat' dir='ltr'><strong>speculis</strong></span> <span class='ocrx_word' id='word_1_222' title='bbox 1060 2084 1097 2138; x_wconf 92' lang='lat' dir='ltr'><strong>ad</strong></span> 
     </span>
     <span class='ocr_line' id='line_1_26' title="bbox 88 2161 1099 2232; baseline 0.003 -17"><span class='ocrx_word' id='word_1_223' title='bbox 88 2162 176 2218; x_wconf 89' lang='lat' dir='ltr'><strong>solem</strong></span> <span class='ocrx_word' id='word_1_224' title='bbox 192 2162 293 2232; x_wconf 86' lang='lat' dir='ltr'><strong>positis</strong></span> <span class='ocrx_word' id='word_1_225' title='bbox 312 2162 386 2232; x_wconf 75' lang='lat' dir='ltr'><strong>ignis</strong></span> <span class='ocrx_word' id='word_1_226' title='bbox 406 2161 575 2216; x_wconf 87' lang='lat' dir='ltr'><strong>accenditur.</strong></span> <span class='ocrx_word' id='word_1_227' title='bbox 603 2162 673 2216; x_wconf 89' lang='lat' dir='ltr'><strong>haec</strong></span> <span class='ocrx_word' id='word_1_228' title='bbox 691 2162 792 2216; x_wconf 86' lang='lat' dir='ltr'><strong>ultima</strong></span> <span class='ocrx_word' id='word_1_229' title='bbox 809 2162 965 2232; x_wconf 88' lang='lat' dir='ltr'><strong>propositio</strong></span> <span class='ocrx_word' id='word_1_230' title='bbox 979 2162 1047 2216; x_wconf 88' lang='lat' dir='ltr'><strong>libri</strong></span> <span class='ocrx_word' id='word_1_231' title='bbox 1061 2164 1099 2218; x_wconf 85' lang='lat' dir='ltr'><strong>da</strong></span> 
     </span>
     <span class='ocr_line' id='line_1_27' title="bbox 87 2241 1097 2313; baseline 0.003 -18"><span class='ocrx_word' id='word_1_232' title='bbox 87 2241 208 2310; x_wconf 90' lang='lat' dir='ltr'><strong>speculis</strong></span> <span class='ocrx_word' id='word_1_233' title='bbox 227 2241 420 2296; x_wconf 88' lang='lat' dir='ltr'><strong>communibus</strong></span> <span class='ocrx_word' id='word_1_234' title='bbox 435 2241 476 2295; x_wconf 88' lang='lat' dir='ltr'><strong>sic</strong></span> <span class='ocrx_word' id='word_1_235' title='bbox 490 2241 698 2296; x_wconf 86' lang='lat' dir='ltr'><strong>demonstratur</strong></span> <span class='ocrx_word' id='word_1_236' title='bbox 711 2241 818 2297; x_wconf 90' lang='lat' dir='ltr'><strong>ibidem</strong></span> <span class='ocrx_word' id='word_1_237' title='bbox 830 2242 968 2313; x_wconf 85' lang='lat' dir='ltr'><strong>(sequitur</strong></span> <span class='ocrx_word' id='word_1_238' title='bbox 982 2244 1097 2298; x_wconf 89' lang='lat' dir='ltr'><strong>demon·</strong></span> 
     </span>
     <span class='ocr_line' id='line_1_28' title="bbox 88 2319 1097 2391; baseline 0.003 -17"><span class='ocrx_word' id='word_1_239' title='bbox 88 2321 202 2391; x_wconf 86' lang='lat' dir='ltr'><strong>stratio,</strong></span> <span class='ocrx_word' id='word_1_240' title='bbox 227 2321 276 2375; x_wconf 90' lang='lat' dir='ltr'><strong>sed</strong></span> <span class='ocrx_word' id='word_1_241' title='bbox 295 2320 437 2390; x_wconf 88' lang='lat' dir='ltr'><strong>amplior),</strong></span> <span class='ocrx_word' id='word_1_242' title='bbox 459 2319 491 2375; x_wconf 88' lang='grc' dir='ltr'><strong>’εὴ</strong></span> <span class='ocrx_word' id='word_1_243' title='bbox 509 2338 527 2374; x_wconf 86' lang='lat' dir='ltr'><strong>a</strong></span> <span class='ocrx_word' id='word_1_244' title='bbox 543 2321 667 2376; x_wconf 81' lang='lat' dir='ltr'><strong>iohanne</strong></span> <span class='ocrx_word' id='word_1_245' title='bbox 685 2321 827 2376; x_wconf 82' lang='lat' dir='ltr'><strong>Peclrham</strong></span> <span class='ocrx_word' id='word_1_246' title='bbox 844 2322 938 2391; x_wconf 89' lang='lat' dir='ltr'><strong>Persp.</strong></span> <span class='ocrx_word' id='word_1_247' title='bbox 958 2339 1097 2378; x_wconf 90' lang='lat' dir='ltr'><strong>commun.</strong></span> 
     </span>
     <span class='ocr_line' id='line_1_29' title="bbox 86 2398 1096 2471; baseline 0.003 -18"><span class='ocrx_word' id='word_1_248' title='bbox 86 2400 122 2469; x_wconf 91' lang='lat' dir='ltr'><strong>II,</strong></span> <span class='ocrx_word' id='word_1_249' title='bbox 143 2406 189 2456; x_wconf 74' lang='lat' dir='ltr'><strong>l&#39;lr</strong></span> <span class='ocrx_word' id='word_1_250' title='bbox 208 2398 274 2453; x_wconf 89' lang='lat' dir='ltr'><strong>hine</strong></span> <span class='ocrx_word' id='word_1_251' title='bbox 289 2401 339 2469; x_wconf 89' lang='lat' dir='ltr'><strong>est,</strong></span> <span class='ocrx_word' id='word_1_252' title='bbox 358 2399 434 2467; x_wconf 87' lang='lat' dir='ltr'><strong>quod</strong></span> <span class='ocrx_word' id='word_1_253' title='bbox 453 2416 471 2453; x_wconf 88' lang='lat' dir='ltr'><strong>a</strong></span> <span class='ocrx_word' id='word_1_254' title='bbox 489 2400 610 2468; x_wconf 87' lang='lat' dir='ltr'><strong>speculis</strong></span> <span class='ocrx_word' id='word_1_255' title='bbox 629 2399 760 2455; x_wconf 84' lang='lat' dir='ltr'><strong>concauis</strong></span> <span class='ocrx_word' id='word_1_256' title='bbox 779 2399 932 2471; x_wconf 86' lang='lat' dir='ltr'><strong>sphaericis</strong></span> <span class='ocrx_word' id='word_1_257' title='bbox 952 2401 989 2456; x_wconf 87' lang='lat' dir='ltr'><strong>ad</strong></span> <span class='ocrx_word' id='word_1_258' title='bbox 1007 2401 1096 2456; x_wconf 91' lang='lat' dir='ltr'><strong>solem</strong></span> 
     </span>
     <span class='ocr_line' id='line_1_30' title="bbox 89 2478 1097 2551; baseline 0.001 -17"><span class='ocrx_word' id='word_1_259' title='bbox 89 2479 189 2549; x_wconf 87' lang='lat' dir='ltr'><strong>positis</strong></span> <span class='ocrx_word' id='word_1_260' title='bbox 208 2479 282 2549; x_wconf 77' lang='lat' dir='ltr'><strong>ignis</strong></span> <span class='ocrx_word' id='word_1_261' title='bbox 301 2478 463 2534; x_wconf 85' lang='lat' dir='ltr'><strong>accenditur</strong></span> <span class='ocrx_word' id='word_1_262' title='bbox 481 2478 540 2549; x_wconf 83' lang='lat' dir='ltr'><strong>(cfr.</strong></span> <span class='ocrx_word' id='word_1_263' title='bbox 555 2481 589 2551; x_wconf 92' lang='lat' dir='ltr'><strong>H,</strong></span> <span class='ocrx_word' id='word_1_264' title='bbox 604 2485 657 2551; x_wconf 81' lang='lat'><strong>55),</strong></span> <span class='ocrx_word' id='word_1_265' title='bbox 681 2483 709 2534; x_wconf 86' lang='lat' dir='ltr'><strong>et</strong></span> <span class='ocrx_word' id='word_1_266' title='bbox 727 2481 761 2550; x_wconf 91' lang='lat' dir='ltr'><strong>H,</strong></span> <span class='ocrx_word' id='word_1_267' title='bbox 780 2486 828 2536; x_wconf 78' lang='lat'><strong>50:</strong></span> <span class='ocrx_word' id='word_1_268' title='bbox 846 2480 876 2535; x_wconf 89' lang='lat' dir='ltr'><strong>in</strong></span> <span class='ocrx_word' id='word_1_269' title='bbox 895 2481 1016 2550; x_wconf 88' lang='lat' dir='ltr'><strong>speculis</strong></span> <span class='ocrx_word' id='word_1_270' title='bbox 1031 2498 1097 2536; x_wconf 88' lang='lat' dir='ltr'><strong>con·</strong></span> 
     </span>
     <span class='ocr_line' id='line_1_31' title="bbox 88 2559 1098 2629; baseline 0.002 -16"><span class='ocrx_word' id='word_1_271' title='bbox 88 2559 165 2613; x_wconf 87' lang='lat' dir='ltr'><strong>cauis</strong></span> <span class='ocrx_word' id='word_1_272' title='bbox 184 2575 228 2614; x_wconf 90' lang='lat' dir='ltr'><strong>res</strong></span> <span class='ocrx_word' id='word_1_273' title='bbox 245 2576 319 2614; x_wconf 92' lang='lat' dir='ltr'><strong>nuno</strong></span> <span class='ocrx_word' id='word_1_274' title='bbox 339 2575 488 2613; x_wconf 88' lang='lat' dir='ltr'><strong>conuersas</strong></span> <span class='ocrx_word' id='word_1_275' title='bbox 506 2577 580 2614; x_wconf 90' lang='lat' dir='ltr'><strong>nuno</strong></span> <span class='ocrx_word' id='word_1_276' title='bbox 598 2576 710 2615; x_wconf 90' lang='lat' dir='ltr'><strong>euersas</strong></span> <span class='ocrx_word' id='word_1_277' title='bbox 725 2575 866 2629; x_wconf 86' lang='lat' dir='ltr'><strong>apparere.</strong></span> <span class='ocrx_word' id='word_1_278' title='bbox 894 2560 968 2614; x_wconf 91' lang='lat' dir='ltr'><strong>hano</strong></span> <span class='ocrx_word' id='word_1_279' title='bbox 982 2561 1098 2616; x_wconf 89' lang='lat' dir='ltr'><strong>demon-</strong></span> 
     </span>
     <span class='ocr_line' id='line_1_32' title="bbox 88 2637 1096 2710; baseline 0.001 -18"><span class='ocrx_word' id='word_1_280' title='bbox 88 2638 190 2693; x_wconf 80' lang='lat' dir='ltr'><strong>strauit</strong></span> <span class='ocrx_word' id='word_1_281' title='bbox 207 2637 337 2692; x_wconf 87' lang='lat' dir='ltr'><strong>Euclides</strong></span> <span class='ocrx_word' id='word_1_282' title='bbox 357 2638 391 2692; x_wconf 91' lang='lat' dir='ltr'><strong>de</strong></span> <span class='ocrx_word' id='word_1_283' title='bbox 411 2638 531 2708; x_wconf 90' lang='lat' dir='ltr'><strong>speculis</strong></span> <span class='ocrx_word' id='word_1_284' title='bbox 550 2639 684 2710; x_wconf 73' lang='lat' dir='ltr'><strong>(catoptr.</strong></span> <span class='ocrx_word' id='word_1_285' title='bbox 701 2644 818 2706; x_wconf 79' lang='lat'>11-123</span> <span class='ocrx_word' id='word_1_286' title='bbox 838 2638 964 2706; x_wconf 85' lang='lat' dir='ltr'><strong>sequitur</strong></span> <span class='ocrx_word' id='word_1_287' title='bbox 982 2639 1096 2695; x_wconf 89' lang='lat' dir='ltr'><strong>demon-</strong></span> 
     </span>
     <span class='ocr_line' id='line_1_33' title="bbox 89 2717 1097 2790; baseline 0.001 -17"><span class='ocrx_word' id='word_1_288' title='bbox 89 2719 188 2773; x_wconf 89' lang='lat' dir='ltr'><strong>stratio</strong></span> <span class='ocrx_word' id='word_1_289' title='bbox 208 2735 226 2773; x_wconf 90' lang='lat' dir='ltr'><strong>a</strong></span> <span class='ocrx_word' id='word_1_290' title='bbox 244 2718 351 2773; x_wconf 79' lang='lat' dir='ltr'><strong>Graeca</strong></span> <span class='ocrx_word' id='word_1_291' title='bbox 370 2717 505 2790; x_wconf 82' lang='lat' dir='ltr'><strong>diuersa);</strong></span> <span class='ocrx_word' id='word_1_292' title='bbox 523 2720 557 2788; x_wconf 90' lang='lat' dir='ltr'><strong>H,</strong></span> <span class='ocrx_word' id='word_1_293' title='bbox 572 2726 605 2774; x_wconf 79' lang='lat'><strong>52</strong></span> <span class='ocrx_word' id='word_1_294' title='bbox 625 2735 704 2774; x_wconf 88' lang='lat' dir='ltr'><strong>uero:</strong></span> <span class='ocrx_word' id='word_1_295' title='bbox 723 2718 753 2771; x_wconf 92' lang='lat' dir='ltr'><strong>in</strong></span> <span class='ocrx_word' id='word_1_296' title='bbox 771 2718 892 2788; x_wconf 88' lang='lat' dir='ltr'><strong>speculis</strong></span> <span class='ocrx_word' id='word_1_297' title='bbox 911 2719 1043 2774; x_wconf 88' lang='lat' dir='ltr'><strong>concauis</strong></span> <span class='ocrx_word' id='word_1_298' title='bbox 1062 2736 1097 2774; x_wconf 85' lang='lat' dir='ltr'><strong>ex</strong></span> 
     </span>
     <span class='ocr_line' id='line_1_34' title="bbox 87 2797 1098 2868; baseline 0.001 -16"><span class='ocrx_word' id='word_1_299' title='bbox 87 2797 252 2853; x_wconf 85' lang='lat' dir='ltr'><strong>diuersitate</strong></span> <span class='ocrx_word' id='word_1_300' title='bbox 281 2797 385 2852; x_wconf 88' lang='lat' dir='ltr'><strong>situum</strong></span> <span class='ocrx_word' id='word_1_301' title='bbox 412 2798 551 2866; x_wconf 84' lang='lat' dir='ltr'><strong>quaedam</strong></span> <span class='ocrx_word' id='word_1_302' title='bbox 578 2812 712 2868; x_wconf 86' lang='lat' dir='ltr'><strong>apparere</strong></span> <span class='ocrx_word' id='word_1_303' title='bbox 738 2800 816 2851; x_wconf 86' lang='lat' dir='ltr'><strong>recta</strong></span> <span class='ocrx_word' id='word_1_304' title='bbox 842 2797 982 2865; x_wconf 88' lang='lat' dir='ltr'><strong>quaedam</strong></span> <span class='ocrx_word' id='word_1_305' title='bbox 1009 2816 1098 2853; x_wconf 88' lang='lat' dir='ltr'><strong>curua</strong></span> 
     </span>
     <span class='ocr_line' id='line_1_35' title="bbox 87 2874 1096 2948; baseline 0.005 -18"><span class='ocrx_word' id='word_1_306' title='bbox 87 2878 227 2945; x_wconf 86' lang='lat' dir='ltr'><strong>quaedem</strong></span> <span class='ocrx_word' id='word_1_307' title='bbox 246 2893 370 2932; x_wconf 83' lang='lat' dir='ltr'><strong>conuexa</strong></span> <span class='ocrx_word' id='word_1_308' title='bbox 390 2922 431 2933; x_wconf 88' lang='lat'><strong>...</strong></span> <span class='ocrx_word' id='word_1_309' title='bbox 451 2877 552 2932; x_wconf 81' lang='lat' dir='ltr'><strong>diffirse</strong></span> <span class='ocrx_word' id='word_1_310' title='bbox 566 2874 779 2932; x_wconf 41' lang='lat' dir='ltr'><strong>demonstratur*</strong></span> <span class='ocrx_word' id='word_1_311' title='bbox 790 2876 863 2930; x_wconf 91' lang='lat' dir='ltr'><strong>libro</strong></span> <span class='ocrx_word' id='word_1_312' title='bbox 878 2880 956 2932; x_wconf 89' lang='lat' dir='ltr'><strong>sexto</strong></span> <span class='ocrx_word' id='word_1_313' title='bbox 971 2895 1031 2948; x_wconf 86' lang='lat' dir='ltr'><strong>cap.</strong></span> <span class='ocrx_word' id='word_1_314' title='bbox 1044 2880 1096 2935; x_wconf 90' lang='lat' dir='ltr'><strong>VH</strong></span> 
     </span>
     <span class='ocr_line' id='line_1_36' title="bbox 87 2956 1097 3028; baseline 0.002 -18"><span class='ocrx_word' id='word_1_315' title='bbox 87 2956 221 3026; x_wconf 85' lang='lat' dir='ltr'><strong>Alhecen,</strong></span> <span class='ocrx_word' id='word_1_316' title='bbox 239 2957 370 3012; x_wconf 88' lang='lat' dir='ltr'><strong>Euclides</strong></span> <span class='ocrx_word' id='word_1_317' title='bbox 389 2960 485 3012; x_wconf 81' lang='lat' dir='ltr'><strong>autom</strong></span> <span class='ocrx_word' id='word_1_318' title='bbox 497 2959 609 3012; x_wconf 88' lang='lat' dir='ltr'><strong>tantum</strong></span> <span class='ocrx_word' id='word_1_319' title='bbox 623 2956 783 3026; x_wconf 87' lang='lat' dir='ltr'><strong>apparentis</strong></span> <span class='ocrx_word' id='word_1_320' title='bbox 798 2956 945 3011; x_wconf 79' lang='lat' dir='ltr'><strong>curuitebis</strong></span> <span class='ocrx_word' id='word_1_321' title='bbox 958 2958 1097 3028; x_wconf 85' lang='lat' dir='ltr'><strong>meminit,</strong></span> 
     </span>
     <span class='ocr_line' id='line_1_37' title="bbox 87 3036 392 3106; baseline 0.007 -16"><span class='ocrx_word' id='word_1_322' title='bbox 87 3051 122 3090; x_wconf 89' lang='lat' dir='ltr'><strong>ex</strong></span> <span class='ocrx_word' id='word_1_323' title='bbox 141 3036 197 3091; x_wconf 89' lang='lat' dir='ltr'><strong>alio</strong></span> <span class='ocrx_word' id='word_1_324' title='bbox 216 3053 298 3106; x_wconf 88' lang='lat' dir='ltr'><strong>opere</strong></span> <span class='ocrx_word' id='word_1_325' title='bbox 319 3040 392 3092; x_wconf 88' lang='lat' dir='ltr'><strong>sunt.</strong></span> 
     </span>
    </p>

    <p class='ocr_par' dir='ltr' id='par_1_4' title="bbox 86 3115 1096 3506">
     <span class='ocr_line' id='line_1_38' title="bbox 160 3115 1096 3187; baseline -0.001 -15"><span class='ocrx_word' id='word_1_326' title='bbox 160 3115 297 3187; x_wconf 81' lang='lat' dir='ltr'><strong>Georgius</strong></span> <span class='ocrx_word' id='word_1_327' title='bbox 314 3116 399 3171; x_wconf 84' lang='lat' dir='ltr'><strong>Ualla</strong></span> <span class='ocrx_word' id='word_1_328' title='bbox 422 3117 463 3170; x_wconf 90' lang='lat' dir='ltr'><strong>De</strong></span> <span class='ocrx_word' id='word_1_329' title='bbox 487 3118 577 3185; x_wconf 88' lang='lat' dir='ltr'><strong>expet.</strong></span> <span class='ocrx_word' id='word_1_330' title='bbox 601 3117 631 3169; x_wconf 88' lang='lat' dir='ltr'><strong>et</strong></span> <span class='ocrx_word' id='word_1_331' title='bbox 656 3115 714 3185; x_wconf 85' lang='lat' dir='ltr'><strong>fug.</strong></span> <span class='ocrx_word' id='word_1_332' title='bbox 733 3115 816 3169; x_wconf 87' lang='lat' dir='ltr'><strong>rebus</strong></span> <span class='ocrx_word' id='word_1_333' title='bbox 839 3115 898 3184; x_wconf 83' lang='lat' dir='ltr'><strong>XV,</strong></span> <span class='ocrx_word' id='word_1_334' title='bbox 925 3122 941 3169; x_wconf 76' lang='lat'><strong>2</strong></span> <span class='ocrx_word' id='word_1_335' title='bbox 970 3116 1056 3171; x_wconf 88' lang='lat' dir='ltr'><strong>etiam</strong></span> <span class='ocrx_word' id='word_1_336' title='bbox 1079 3131 1096 3170; x_wconf 87' lang='lat' dir='ltr'><strong>a</strong></span> 
     </span>
     <span class='ocr_line' id='line_1_39' title="bbox 88 3193 1094 3265; baseline 0.001 -16"><span class='ocrx_word' id='word_1_337' title='bbox 88 3194 255 3265; x_wconf 84' lang='lat' dir='ltr'><strong>Catoptricis</strong></span> <span class='ocrx_word' id='word_1_338' title='bbox 274 3195 414 3264; x_wconf 88' lang='lat' dir='ltr'><strong>quaedam</strong></span> <span class='ocrx_word' id='word_1_339' title='bbox 431 3193 578 3248; x_wconf 85' lang='lat' dir='ltr'><strong>transtulit</strong></span> <span class='ocrx_word' id='word_1_340' title='bbox 596 3194 684 3263; x_wconf 87' lang='lat' dir='ltr'><strong>(Neue</strong></span> <span class='ocrx_word' id='word_1_341' title='bbox 698 3194 794 3249; x_wconf 88' lang='lat' dir='ltr'><strong>Jahrb.</strong></span> <span class='ocrx_word' id='word_1_342' title='bbox 810 3194 905 3264; x_wconf 84' lang='lat' dir='ltr'><strong>Suppl.</strong></span> <span class='ocrx_word' id='word_1_343' title='bbox 920 3195 971 3249; x_wconf 85' lang='lat' dir='ltr'><strong>XII</strong></span> <span class='ocrx_word' id='word_1_344' title='bbox 985 3214 1012 3264; x_wconf 92' lang='lat' dir='ltr'><strong>p.</strong></span> <span class='ocrx_word' id='word_1_345' title='bbox 1023 3197 1094 3264; x_wconf 79' lang='lat' dir='ltr'><strong>eet).</strong></span> 
     </span>
     <span class='ocr_line' id='line_1_40' title="bbox 88 3273 1096 3346; baseline 0.003 -19"><span class='ocrx_word' id='word_1_346' title='bbox 88 3290 152 3328; x_wconf 90' lang='lat' dir='ltr'><strong>eum</strong></span> <span class='ocrx_word' id='word_1_347' title='bbox 170 3277 200 3329; x_wconf 86' lang='lat' dir='ltr'><strong>et</strong></span> <span class='ocrx_word' id='word_1_348' title='bbox 217 3274 396 3329; x_wconf 88' lang='lat' dir='ltr'><strong>Zambertum</strong></span> <span class='ocrx_word' id='word_1_349' title='bbox 413 3273 515 3327; x_wconf 89' lang='lat' dir='ltr'><strong>iisdem</strong></span> <span class='ocrx_word' id='word_1_350' title='bbox 533 3273 690 3344; x_wconf 89' lang='lat' dir='ltr'><strong>codicibus,</strong></span> <span class='ocrx_word' id='word_1_351' title='bbox 713 3274 816 3342; x_wconf 90' lang='lat' dir='ltr'><strong>quibus</strong></span> <span class='ocrx_word' id='word_1_352' title='bbox 834 3273 865 3328; x_wconf 92' lang='lat' dir='ltr'><strong>in</strong></span> <span class='ocrx_word' id='word_1_353' title='bbox 885 3273 1096 3346; x_wconf 56' lang='lat' dir='ltr'><strong>Opimia-usos</strong></span> 
     </span>
     <span class='ocr_line' id='line_1_41' title="bbox 87 3352 1096 3426; baseline 0.001 -18"><span class='ocrx_word' id='word_1_354' title='bbox 87 3368 157 3423; x_wconf 85' lang='lat' dir='ltr'><strong>esse,</strong></span> <span class='ocrx_word' id='word_1_355' title='bbox 176 3356 394 3408; x_wconf 89' lang='lat' dir='ltr'><strong>consentancum</strong></span> <span class='ocrx_word' id='word_1_356' title='bbox 408 3355 463 3422; x_wconf 74' lang='lat' dir='ltr'><strong>cst,</strong></span> <span class='ocrx_word' id='word_1_357' title='bbox 482 3352 530 3409; x_wconf 78' lang='lat' dir='ltr'><strong>cfr.</strong></span> <span class='ocrx_word' id='word_1_358' title='bbox 545 3371 572 3422; x_wconf 88' lang='lat' dir='ltr'><strong>p.</strong></span> <span class='ocrx_word' id='word_1_359' title='bbox 585 3360 645 3423; x_wconf 78' lang='lat'><strong>286,</strong></span> <span class='ocrx_word' id='word_1_360' title='bbox 661 3360 676 3408; x_wconf 89' lang='lat'>8</span> <span class='ocrx_word' id='word_1_361' title='bbox 695 3352 779 3426; x_wconf 73' lang='grc' dir='ltr'><strong>ὕψος]</strong></span> <span class='ocrx_word' id='word_1_362' title='bbox 798 3352 890 3426; x_wconf 69' lang='grc' dir='ltr'><strong><em>ὕψους</em></strong></span> <span class='ocrx_word' id='word_1_363' title='bbox 907 3355 1016 3409; x_wconf 86' lang='lat' dir='ltr'><strong>Monac.</strong></span> <span class='ocrx_word' id='word_1_364' title='bbox 1033 3360 1096 3424; x_wconf 82' lang='grc'><strong>361,</strong></span> 
     </span>
     <span class='ocr_line' id='line_1_42' title="bbox 86 3431 1096 3506; baseline -0.002 -16"><span class='ocrx_word' id='word_1_365' title='bbox 86 3436 233 3504; x_wconf 62' lang='lat' dir='ltr'><strong>mactantis</strong></span> <span class='ocrx_word' id='word_1_366' title='bbox 245 3434 390 3504; x_wconf 67' lang='lat' dir='ltr'><strong>facticium</strong></span> <span class='ocrx_word' id='word_1_367' title='bbox 408 3431 500 3502; x_wconf 86' lang='lat' dir='ltr'><strong>Ualla,</strong></span> <span class='ocrx_word' id='word_1_368' title='bbox 519 3435 621 3503; x_wconf 71' lang='lat' dir='ltr'><strong>ospedi</strong></span> <span class='ocrx_word' id='word_1_369' title='bbox 637 3434 746 3506; x_wconf 69' lang='lat' dir='ltr'><strong>facticii</strong></span> <span class='ocrx_word' id='word_1_370' title='bbox 764 3433 936 3505; x_wconf 86' lang='lat' dir='ltr'><strong>Zambcrtus,</strong></span> <span class='ocrx_word' id='word_1_371' title='bbox 953 3452 980 3505; x_wconf 91' lang='lat' dir='ltr'><strong>p.</strong></span> <span class='ocrx_word' id='word_1_372' title='bbox 990 3439 1051 3503; x_wconf 76' lang='lat'><strong>288,</strong></span> <span class='ocrx_word' id='word_1_373' title='bbox 1061 3440 1096 3489; x_wconf 91' lang='lat'><strong>10</strong></span> 
     </span>
    </p>
   </div>
   <div class='ocr_carea' id='block_1_3' title="bbox 0 0 1172 3788">
    <p class='ocr_par' dir='ltr' id='par_1_5' title="bbox 0 0 1172 3788">
     <span class='ocr_line' id='line_1_43' title="bbox 0 0 1172 3788; baseline 0 0"><span class='ocrx_word' id='word_1_374' title='bbox 0 0 1172 3788; x_wconf 95' lang='lat' dir='ltr'><strong> </strong></span> 
     </span>
    </p>
   </div>
  </div>
 </body>
</html>
