2334 3788
417 148 587 201 EUOLIDIS
607 148 745 201 OPTICA.
1066 145 1088 208 5

74 288 108 352 in
139 289 298 355 distantia
328 291 478 357 feruntur
509 292 688 357 incidentes
720 291 826 376 uisus,
856 312 923 354 non
957 291 1088 375 quidem

74 395 222 462 incidunt
245 399 397 464 continue
421 401 461 464 ad
484 402 538 464 od.
577 421 676 482 quare
694 399 773 462 fient
797 398 883 462 etin
901 399 949 462 ad
970 397 1087 480 spatio,

74 504 113 566 ad
138 525 219 586 quac
242 505 333 569 uisus
353 528 420 571 non
438 505 590 570 incident.
626 527 692 569 non
711 525 788 589 ergo
807 504 971 568 uidebitur
989 504 1086 568 simul

74 614 182 674 totum
205 612 259 675 od.
305 613 435 677 uidetur
462 617 572 677 autem
599 611 703 676 uideri
732 612 828 675 simul
851 610 977 675 nisibus
1000 611 1086 674 uelo-

74 717 154 781 citer
177 717 415 800 transportatis.
1123 735 1139 783 5

142 910 338 996 Aequalium
366 911 628 998 magnitudinum
660 912 695 974 in
727 911 882 975 distantia
910 910 1087 975 iacentium

71 1019 207 1103 propius
229 1019 370 1084 iacentia
390 1019 608 1103 perspicacius
632 1019 791 1083 uidentur.

140 1131 210 1188 esto
231 1126 342 1190 oculus
362 1125 491 1208 quidem
512 1126 539 1210 b,
561 1126 632 1189 uisa
650 1148 727 1189 uero
749 1126 797 1207 pd
818 1129 850 1188 et
873 1123 917 1186 kl.
955 1128 1086 1207 oportet

72 1236 183 1296 autem
213 1231 397 1316 intelligere
431 1254 468 1295 ea
500 1231 646 1315 aequalia
679 1236 711 1295 et
738 1232 901 1314 parallela.
950 1230 1085 1315 propius

72 1360 151 1402 uero
181 1337 225 1402 sit
250 1338 304 1420 pd.
355 1342 388 1402 ct
414 1338 559 1403 incidant
585 1339 676 1402 uisus
706 1339 761 1423 by,
784 1339 839 1420 bd,
862 1338 917 1422 blo,
940 1338 986 1420 aa
1018 1357 1139 1405 nonio

73 1445 160 1508 enim
183 1444 340 1529 dicemus,
370 1445 456 1527 quod
484 1446 524 1509 ab
548 1445 641 1509 oculo
665 1446 705 1509 ad
727 1445 763 1508 tl
790 1444 970 1509 accidentes
993 1445 1085 1508 uisus

71 1572 131 1635 per
156 1552 231 1633 Μ
255 1555 376 1634 puncta
399 1551 542 1616 ueniant.
588 1552 710 1637 trigoni
734 1551 820 1615 enim
843 1552 972 1634 aalays
995 1555 1085 1615 recta

72 1657 109 1720 kl
126 1657 231 1721 maior
248 1658 362 1742 utique
382 1657 445 1721 erit
458 1662 547 1722 recta
562 1660 621 1740 9d3
640 1658 773 1741 ponitur
789 1658 917 1740 quidem
932 1657 1085 1740 aequalis.

71 1763 175 1848 igItur
195 1765 244 1846 pd
266 1765 325 1828 sub
349 1764 497 1847 pluribus
520 1763 646 1828 uisibus
669 1763 799 1827 uidetur
823 1786 919 1846 quam
942 1763 990 1849 tl,
1015 1785 1085 1847 per-

73 1868 232 1953 spicacius
251 1870 353 1956 igitur
368 1873 417 1953 pd
434 1893 532 1954 quam
550 1870 597 1952 lot3
617 1871 677 1934 sub
691 1871 840 1954 pluribus
855 1869 940 1933 enim
956 1869 1084 1954 angulis
1104 1887 1137 1936 15

72 1976 144 2040 uisa
167 1976 385 2060 perspicacius
408 1977 568 2040 uidentur.

138 2168 399 2254 Unumquodque
426 2171 572 2236 uisorum
594 2171 694 2235 habet
715 2171 953 2256 longitudinem
972 2171 1085 2257 spatii,

73 2299 136 2360 quo
160 2277 248 2341 facto
270 2300 337 2341 non
359 2277 425 2341 iam
447 2277 584 2342 uidetur.
962 2266 967 2279 ⁸

140 2388 209 2447 esto
229 2384 315 2448 enim
335 2384 447 2448 oculus
467 2386 493 2469 b,
516 2407 568 2449 res
584 2391 692 2449 autem
705 2385 777 2448 uisa
788 2386 836 2466 pd
858 2385 932 2465 [sub
947 2383 1083 2447 minimo

73 2490 193 2574 angulo
221 2490 307 2554 uisui
335 2491 577 2576 determinato}
623 2491 708 2575 dico,
740 2491 826 2574 quod
847 2493 895 2572 pd
915 2492 951 2554 in
974 2490 1082 2576 aliquo
1102 2510 1136 2559 20

144 2723 168 2770 3.
187 2717 325 2789 incident]
344 2718 384 2785 L,
401 2717 532 2771 incidunt
549 2719 586 2773 D.
660 2725 684 2772 5.
704 2717 915 2790 transportatis]
935 2719 974 2787 L,
991 2722 1083 2773 trans-

70 2787 171 2856 positis
190 2789 228 2843 D.
302 2794 325 2843 8.
345 2791 393 2860 m]
412 2790 447 2857 L,
465 2792 498 2843 ki
516 2789 555 2857 D,
574 2796 599 2844 ct
616 2792 655 2844 sc'c
671 2807 721 2858 per
738 2796 822 2843 totam
836 2807 916 2859 prop.
980 2796 1020 2846 10.
1040 2791 1082 2844 in-

71 2858 180 2930 cidant]
195 2860 230 2927 L,
243 2859 373 2913 incidunt
382 2861 420 2927 D,
435 2860 562 2914 incident
575 2861 618 2915 M.
675 2865 716 2913 11.
732 2859 869 2932 dicemus]
884 2862 919 2929 L,
934 2878 1029 2916 omnes
1043 2864 1081 2916 D.

107 2935 148 2985 19.
169 2930 221 2984 sub
241 2963 274 2970 -
294 2935 336 2984 20.
356 2931 555 3003 determinato]
574 2932 613 2999 D,
631 2948 681 2986 om.
702 2931 736 2985 L.

70 3142 213 3211 ὁρώμενον
231 3162 267 3197 m.
288 3150 302 3196 1
322 3144 355 3212 V,
376 3145 518 3213 ὁρώμενον
537 3145 583 3198 Bv
601 3148 631 3199 et
648 3146 722 3213 Vat,
742 3146 791 3198 sed
811 3152 974 3201 11111112.
1037 3154 1079 3203 16.

69 3212 186 3282 εἴπομεν
204 3214 345 3269 VVat.¹v.
437 3222 478 3269 19.
502 3216 570 3270 Post
588 3215 641 3286 γάρ
661 3216 725 3270 add.
745 3216 782 3271 dv
799 3236 836 3270 m.
856 3223 872 3269 2
890 3219 955 3272 Vat.
1037 3225 1079 3274 20.

66 3284 228 3357 ὑπόκειται]
254 3302 322 3340 corr.
343 3302 377 3339 ex
399 3284 559 3342 ὑποκείσθω
582 3307 618 3341 m.
640 3295 655 3341 2
674 3289 712 3357 V,
740 3285 900 3342 ὑποκείσθω
919 3308 937 3343 v
961 3292 991 3359 (ω
1011 3307 1079 3346 corr.

69 3372 104 3409 cx
121 3360 161 3426 αι)
182 3359 210 3410 et
227 3357 302 3426 Vat,
322 3373 390 3410 corr.
409 3377 445 3411 m.
466 3365 490 3411 2.
573 3366 614 3413 21.
635 3357 678 3430 δέ]
698 3376 750 3413 om.
770 3360 867 3414 Vati.
947 3367 989 3416 26.
1009 3363 1080 3417 ἀπο-

69 3427 194 3496 στήματα
212 3446 238 3482 v.
325 3434 366 3482 27.
387 3428 552 3500 γενόμενον]
572 3447 640 3484 corr.
660 3447 694 3483 ex
713 3427 866 3501 γενομένου
885 3449 924 3484 m.
940 3438 960 3485 ‘i
975 3434 1092 3498 wat,

67 3497 221 3568 γενομένου
239 3517 263 3553 v,
336 3505 378 3554 28.
398 3501 434 3574 B]
454 3516 468 3556 e
489 3517 558 3560 corr.
576 3502 647 3560 vat.
