2334 3788
75 122 120 186 20
415 120 586 173 ωοοιωιε
605 119 743 173 0ch.

75 268 113 332 τὸ
136 270 202 331 ΛΒ
231 269 392 350 φαίνεται.
437 266 474 330 τὸ
499 267 562 328 ΓΕ
587 265 650 349 ἀρα
678 271 737 327 τοῦ
760 267 829 327 ΕΛ
856 263 1090 345 ταπεινότερον

77 376 246 458 φαίνεται,
269 372 305 437 τὸ
330 369 367 436 δὲ
389 376 456 436 ΕΛ
479 379 538 436 τοῦ
561 374 637 435 ΛΒ.

557 546 613 631 ιβ’.

31 720 33 725 ,
150 680 225 740 Τῶν
243 677 290 751 είς
308 675 541 760 τοῦμπροσθεν
560 683 662 758 μῆκος
680 672 823 756 ἐχόντων
842 672 882 735 τὰ
895 668 956 755 μὲν
970 670 1007 735 ἐν
1020 681 1092 745 τοῖς

43 797 59 845 5
78 781 199 860 δεξιοῖς
222 784 269 856 εἰς
291 782 331 845 τά
354 780 510 867 ἀριστερὰ
533 781 626 844 δοκεῖ
641 785 822 865 παρῆχθαι,
845 779 885 842 τὰ
904 774 941 841 δὲ
964 776 1001 840 ἐν
1020 787 1092 852 τοῖς
1143 807 1148 814 -

78 889 264 976 ἀριστεροῖς
286 890 333 964 εἰς
355 889 395 952 τά
419 885 517 964 ὃεξιά.

144 999 226 1061 ἔστω
255 996 317 1060 δύο
345 994 496 1080 ὁρώμενα
518 993 642 1088 μεγέθη
670 995 710 1057 τὰ
733 997 813 1075 ΑΒ,
833 995 908 1074 ΓΛ,
938 993 1025 1075 όμμα
1054 986 1091 1054 δὲ

78 1105 160 1169 ἔστω
188 1104 225 1167 τὸ
249 1107 293 1184 Ε,
325 1099 384 1185 ἀφ’
410 1097 451 1167 οὗ
478 1098 772 1186 προσπιπτέτωσαν
800 1099 929 1174 ἀκτῖνες
956 1098 993 1161 αἱ
1013 1101 1090 1180 ΕΘ,

77 1213 155 1294 ΕΚ,
173 1214 247 1292 EA,
264 1212 339 1292 εκ,
357 1212 436 1290 ΕΗ,
455 1211 526 1272 ΕΓ.
569 1205 664 1289 ιεγω,

25 1328 59 1379 10
78 1317 129 1381 ὅτι
157 1316 194 1379 αἱ
218 1310 280 1399 μὲν
307 1318 384 1396 ΕΖ,
406 1317 491 1397 ΕΗ,
514 1317 582 1378 ΕΓ
609 1314 664 1377 δο-

77 1430 196 1488 κοῦσιν
210 1422 257 1496 είς
271 1420 311 1483 τὰ
325 1418 480 1505 ἀριστερὰ
494 1426 665 1505 μετῆχθαι,

78 1529 116 1592 αί
152 1523 189 1592 δὲ
226 1531 305 1610 ΕΘ,
333 1529 413 1609 ΕΚ,
441 1532 507 1591 ΕΑ
543 1528 590 1602 εἰς
625 1527 666 1590 τὰ

78 1631 177 1711 ὃεξιά.
214 1631 284 1698 ἐπεὶ
306 1633 368 1718 γάρ
392 1632 412 1715 ἡ
435 1637 498 1698 ΕΖ
521 1643 579 1716 τῆς
596 1636 670 1698 ΕΗ

78 1740 148 1806 ἐστι
175 1737 364 1825 ὃεξιωτέρα,
397 1739 415 1822 ἡ
444 1735 481 1803 δὲ
508 1743 582 1804 ΕΗ
609 1749 667 1824 τῆς

27 1858 60 1910 15
79 1849 156 1930 ΕΓ,
189 1846 347 1911 ἐντεῦθεν
379 1847 444 1932 ἀρα
473 1845 493 1929 ἡ
521 1850 588 1911 ΕΓ
610 1856 667 1931 τῆς

79 1956 153 2017 ΕΗ
171 1953 265 2017 δοκεῖ
285 1954 332 2029 εἰς
354 1953 394 2016 τά
417 1952 572 2039 ἀριστερά
594 1976 666 2037 μετ-

79 2065 200 2143 ἥχθαι,
244 2058 264 2141 ἡ
307 2055 343 2123 δὲ
378 2063 455 2123 ΗΕ
493 2068 552 2142 τῆς
591 2064 666 2123 ΕΖ.

79 2165 201 2249 ὁμοίως
227 2163 283 2229 καὶ
310 2166 348 2229 αῖ
372 2168 452 2247 ΕΚ,
476 2170 552 2247 ΕΑ,
576 2171 642 2230 ΕΘ
673 2168 832 2230 δοκοῦσιν
860 2168 905 2242 εἰς
934 2166 974 2229 τά
1002 2164 1092 2243 δεξιοὶ

79 2277 250 2356 μετῆχθαι.

27 2373 62 2424 20
560 2358 616 2440 ιγ’.

152 2488 226 2550 Τῶν
255 2489 337 2548 ῖσων
361 2489 514 2568 μεγεθῶν
541 2482 597 2547 καὶ
622 2483 687 2548 ὑπὸ
711 2486 748 2549 τὸ
771 2484 852 2549 αὐτὸ
876 2487 963 2570 όμμα
985 2484 1091 2569 κειμέ-

80 2615 150 2657 νων
172 2591 213 2655 τά
235 2592 348 2675 πόρρω
372 2592 594 2675 μετεωρότεροι
617 2593 779 2674 φαίνεται.

148 2699 229 2761 ἔστω
254 2701 308 2760 ἴσα
331 2694 454 2780 μεγέθη
479 2697 520 2760 τά
541 2700 619 2780 ΑΒ,
643 2701 713 2781 ΓΛ,
736 2702 814 2780 ΕΖ,
838 2700 925 2782 ὄμμα
948 2694 985 2762 δὲ
1008 2701 1090 2763 ἔστω

80 2804 118 2868 τὸ
141 2806 181 2866 Η
198 2804 439 2887 μετεωρότερον
460 2805 612 2887 κείμενον
635 2815 702 2868 τῶν
724 2811 891 2888 μεγεθῶν,
913 2803 968 2868 καὶ
991 2821 1092 2891 προσ-

29 2923 64 2973 25
82 2908 290 2975 πιπτέτωσαν
313 2906 442 2985 ἀκτῖνες
464 2910 502 2973 αῖ
521 2913 604 2993 ΗΑ,
626 2913 705 2993 ΗΓ,
729 2914 807 2975 ΗΕ.
854 2909 952 2994 λέγω,
981 2912 1031 2976 ὅτι
1054 2913 1091 2976 τὸ

83 3021 149 3082 ΑΒ
168 3024 227 3080 τοῦ
243 3018 304 3079 ΓΛ
321 3018 561 3101 μετεωρότερον
580 3019 741 3102 φαίνεται,
759 3018 796 3082 τὸ
816 3014 852 3082 δὲ
868 3020 928 3083 ΓΔ
945 3027 1005 3082 τοῦ
1020 3022 1092 3082 ΕΖ.

83 3122 152 3189 ἐπεὶ
175 3124 238 3208 γὰρ
262 3120 282 3204 ἡ
305 3125 374 3186 HA
395 3131 453 3205 τῆς
475 3125 548 3186 ΗΓ
566 3121 635 3187 ε’στι
657 3123 893 3210 μετεωροτέρα,
920 3124 940 3207 ἡ
964 3121 1001 3190 δὲ
1024 3128 1098 3188 ΗΓ

82 3239 141 3315 τῆς
162 3232 241 3313 ΗΕ,
264 3226 319 3292 καὶ
343 3227 379 3293 ἐν
402 3221 429 3314 ᾦ
451 3229 537 3293 εἰσιν
560 3230 597 3293 αῖ
617 3233 694 3314 ΗΑ,
717 3235 795 3314 ΗΓ,
819 3235 902 3315 ΗΕ,
926 3232 1090 3318 ἐντούτῳ

154 3404 263 3474 ΕΔΒ]
289 3405 344 3457 ΔΕ
362 3402 428 3456 Vm.
502 3407 525 3456 3.
547 3403 599 3529 cg]
619 3405 658 3474 ιγ’
678 3406 758 3460 codd.
837 3411 860 3458 4.
880 3406 911 3461 τὸ
932 3405 1091 3475 ἔμπροσθεν

83 3474 138 3531 Bv.
203 3480 279 3529 7-8.
300 3472 367 3527 ἔστω
386 3469 416 3527 δὲ
437 3471 552 3541 όμμαΒ
584 3478 653 3531 εῖν.
718 3483 743 3532 8.
762 3477 885 3549 ἀκτῖνες]
904 3493 919 3531 ο
938 3494 1006 3532 corr.
1025 3478 1090 3531 Vat.
