2334 3788
77 98 156 189 '352
366 128 522 182 SCHOLIA
540 133 579 184 ια
598 131 830 185 οιτονοωῐοι.

91 274 175 334 ΣΚ·
208 273 245 336 αι’
270 274 333 358 γὰρ
360 278 480 356 γωνίαι
511 276 570 341 τὸν
598 276 700 342 αὐτὸν
733 279 834 358 λόγον
853 279 1001 360 ’ἔχουσιν
1034 286 1106 352 ταῖς

90 382 328 470 περιφερείαις,
360 385 405 461 ώς
427 384 463 448 ἐν
486 393 531 471 τῷ
556 381 588 451 ς’
612 394 679 448 τῶν
702 387 873 468 στοιχείων
902 381 990 467 [33]·
1026 381 1104 466 ὅπερ

92 1252 269 1318 ἀὸύνατον.
314 1259 426 1340 πολλῷ
451 1250 487 1317 ὁὸ
509 1251 610 1317 πλέον
638 1248 717 1316 οὐὸὲ
743 1251 834 1327 ε’κτὸς
857 1261 1104 1335 συμπεσοῦνται

93 1361 137 1437 ὡς
161 1359 213 1425 ἐπὶ
236 1369 293 1444 τῆς
316 1359 349 1443 β’
369 1353 594 1445 καταγραφῆς]
618 1364 729 1447 πολλῷ
753 1359 815 1445 γάρ
839 1359 876 1423 τὸ
901 1358 1080 1423 ἀδύνατον.

57 1494 72 1542 5
162 1486 210 1550 18.
244 1483 337 1565 Αὕτη
361 1483 381 1565 ἡ
404 1485 599 1569 καταγραφὴ
628 1483 668 1548 οὐ
693 1483 776 1547 κατά
798 1483 839 1546 τά
862 1481 1106 1566 ἀποδειχθέντα

93 1588 184 1654 ἐστὶν
216 1588 465 1674 ἐκβαλλομένων
495 1601 562 1655 τῶν
595 1592 705 1667 ὄψεων
736 1588 792 1654 καὶ
819 1600 886 1654 τῶν
914 1588 1105 1674 ὁρωμένων,

92 1693 170 1760 οὐδὲ
193 1696 213 1779 ἡ
237 1706 297 1761 τοῦ
320 1700 463 1781 βιβλίον,
487 1697 570 1762 ἀλλά
593 1697 676 1780 αὕτη
699 1697 782 1761 κατά
805 1698 841 1761 τὸ
866 1695 901 1760 έν
920 1707 991 1772 τοῖς
1015 1696 1106 1782 ὅροις

93 1802 341 1888 ἐκβαλλομένων
364 1814 431 1867 τῶν
454 1805 564 1880 ὄψεων
591 1801 646 1867 καὶ
669 1801 821 1867 καθέτων
845 1800 1018 1885 ἀγομένων
1042 1802 1103 1866 ἀπὸ

93 1919 160 1972 τῶν
184 1906 361 1994 ὁρωμένων
388 1907 443 1972 καὶ
467 1906 730 1991 ἐκβαλλομένων,
758 1909 844 1972 καθὸ
868 1906 888 1989 ἡ
913 1910 1104 1992 σύμπτωσις

39 2028 72 2076 10
91 2019 230 2098 γίνεται,
254 2014 431 2100 ὁρωμένων
454 2026 521 2079 τῶν
543 2013 729 2100 ὁρωμένων.

155 2141 205 2204 19.
237 2141 394 2205 Δυνατὸν
418 2142 486 2221 καί,
511 2139 555 2214 ὡς
578 2142 643 2222 ἔχει
666 2138 686 2221 ο]
710 2141 914 2223 καταγραφή,
937 2142 1104 2223 προβῆναι

92 2247 153 2328 τὴν
176 2243 287 2322 ὁείξιν.
325 2244 436 2327 ἐπειδὴ
460 2244 523 2328 γάρ
548 2243 695 2327 ἀνωτέρα
720 2243 808 2308 ἐστὶν
826 2243 846 2325 ἡ
867 2248 928 2307 BA
951 2254 1011 2328 τῆς
1025 2249 1104 2310 ΒΓ·

92 2351 149 2415 έάν
168 2353 231 2436 γὰρ
251 2354 383 2415 ἀνωθεν
403 2351 459 2414 ὁιά
477 2351 588 2414 αὐτῶν
602 2350 776 2434 ἀγάγωμεν
790 2351 944 2434 κάθετον,
963 2353 1004 2415 τά
1022 2353 1105 2415 κατὰ

91 2467 149 2540 τῆς
176 2462 243 2521 BA
270 2459 310 2521 τά
338 2457 486 2543 ἀνώτερα
515 2457 582 2522 ἐστι
610 2467 668 2540 τῆς
695 2455 852 2521 καθέτου·
890 2458 927 2522 τὸ
955 2457 1021 2523 ἀπὸ
1047 2467 1106 2541 τῆς

40 2577 72 2624 15
93 2563 258 2648 ἀνωτέρας
281 2565 464 2649 ὁρώμενον,
488 2566 505 2628 ὁ
530 2564 597 2628 ἐστι
621 2566 657 2629 τὸ
682 2571 729 2646 Δ,
752 2565 788 2628 τὸ
813 2564 979 2649 ἀνώτερον
1004 2564 1105 2629 ε’στιν.

159 2689 210 2753 20.
245 2686 311 2752 Καὶ
334 2697 432 2752 τοῦτο
457 2689 576 2772 ὁμοίως
599 2698 644 2775 τῷ
664 2687 833 2773 ἀνωτέραν
857 2683 941 2752 εἶναι
961 2691 1024 2772 τὴν
1042 2693 1105 2753 BA

91 2805 149 2878 τῆς
172 2799 241 2859 ΒΓ.
289 2794 346 2859 έάν
370 2792 406 2859 ὁὸ
428 2796 510 2859 κατά
533 2796 569 2859 τὸ
595 2794 630 2859 ἐν
653 2806 722 2870 τοῖς
745 2795 836 2879 ὅροις
860 2794 912 2859 ἐπὶ
935 2806 1003 2859 τών
1025 2820 1104 2880 κυρ-

91 2913 171 2984 τών,
205 2903 257 2967 ὅτε
290 2901 428 2967 ἕκαστον
460 2914 526 2967 τῶν
555 2901 732 2986 ὁρωμένων
765 2901 800 2966 έν
833 2902 945 2977 αὐτοῖς
976 2903 1104 2988 ὁρᾶται,

90 3031 120 3038 ...-

163 3103 203 3151 18.
224 3096 307 3165 V(q);
328 3098 365 3150 ad
383 3115 460 3165 prop.
481 3104 505 3151 9.
565 3103 606 3150 19.
626 3096 708 3166 V(q);
729 3096 766 3149 ad
785 3095 870 3151 schol.
890 3114 930 3149 nr.
952 3101 993 3151 18.
1059 3102 1103 3149 20.

90 3169 171 3238 V(q);
192 3168 229 3221 ad
247 3185 324 3236 prop.
346 3174 387 3223 10.

161 3352 185 3400 4.
210 3346 365 3416 ἀδύνατον]
386 3363 421 3400 se.
438 3349 538 3414 μεῖζον.
609 3352 631 3400 7.
652 3343 733 3416 ἀλλά]
754 3362 806 3400 om.
826 3363 852 3413 q.
926 3351 950 3399 8.
972 3344 1102 3416 ἐκβαλλο-

91 3416 194 3487 μένων]
210 3435 236 3484 q,
257 3415 447 3487 έβαλλομένων
457 3418 490 3471 V.
548 3423 588 3472 12.
609 3414 746 3488 ἀνωτέρω]
762 3417 869 3484 ἀνωτερ
878 3417 911 3486 V,
935 3414 1066 3484 ἀνωτέρω
1077 3434 1103 3484 q.

125 3494 166 3542 14.
187 3488 326 3560 ἀνώτερα]
344 3490 452 3556 ἀνωτερ
466 3489 499 3558 λλ,
519 3486 647 3556 ἀνωτέρω
667 3507 692 3555 q.
