2334 3788
269 174 480 227 orricoaun
498 176 677 229 anoeusro
695 178 862 231 rnnorus
1008 178 1072 242 149

60 317 209 399 quaesito
243 317 396 383 officeret.
451 324 565 402 postea
592 341 670 384 uero
698 319 772 384 uisu
798 320 834 384 in
853 343 934 389 eum
964 322 1077 404 locum

59 446 232 510 conuerso,
260 425 316 489 ubi
344 426 572 509 corpusculum
595 429 677 510 crat,
706 449 799 491 acum
827 435 1073 513 conspexenmt.

60 531 272 600 manifestum
304 532 405 618 igitur
438 538 501 617 est,
533 555 607 597 cum
636 555 688 598 res
715 533 808 599 humi
836 535 981 600 coniecta
1007 558 1074 601 non

61 644 256 724 cemeretur‚
278 644 350 703 tum
372 661 413 704 ne
431 639 539 705 locum
558 640 696 725 quidem,
719 640 837 725 inquo
857 646 951 725 esset,
975 642 1073 707 cerni.

61 767 159 828 quare
192 767 259 811 non
291 768 402 811 omnes
434 752 543 830 partes
575 746 640 812 loci
668 749 728 812 sub
758 748 859 813 oculis
889 750 1072 832 quaerentis

60 852 162 936 positi
181 858 364 917 comuntur.
401 853 430 918 si
449 854 536 918 enim
555 859 771 939 cerneremur,
793 853 892 919 etiam
910 877 963 919 res
980 877 1074 938 quae-

59 959 123 1024 sita
159 964 358 1045 cernerem
394 982 512 1024 uerum·
541 982 608 1024 non
640 961 841 1026 cernebatur.
900 966 934 1026 et
965 961 1001 1025 in
1032 961 1073 1025 iis

60 1065 263 1150 hominibus,
292 1067 347 1150 qui
370 1065 472 1130 libros
494 1068 708 1153 perlustrant,
736 1067 910 1133 dictitabat
932 1068 1075 1152 disputa-

61 1172 152 1237 tione
180 1194 218 1237 eo
247 1194 417 1258 conuersa,
443 1195 484 1237 ne
511 1195 567 1238 eos
596 1174 726 1257 quidem
754 1197 866 1240 omnes
889 1176 1016 1240 litteras
1039 1175 1075 1238 in

61 1278 182 1364 pagina
211 1279 348 1363 scriptas
377 1301 505 1344 cernere
532 1302 637 1365 posse.
684 1281 793 1346 saltim
822 1306 896 1348 cum
919 1281 1080 1366 quasdam

60 1385 246 1450 litterarum
269 1386 430 1451 rariorum
453 1391 634 1452 monstrare
654 1393 856 1475 cogerentur,
879 1389 998 1454 multas
1018 1410 1074 1453 eos

62 1497 245 1557 monstrare
263 1514 331 1556 non
348 1515 454 1579 posse,
476 1494 553 1578 quia
570 1495 660 1559 uisus
679 1517 745 1560 non
764 1496 804 1560 ad
822 1518 933 1561 omnes
947 1495 1075 1560 litteras

62 1599 236 1684 ferrentur,
260 1600 316 1663 sed
338 1599 425 1664 inter
443 1622 476 1665 se
496 1600 654 1665 distarent
677 1605 709 1665 et
727 1603 831 1666 multa
849 1624 970 1687 eorum,
993 1623 1074 1685 quae

64 1705 310 1790 subiicerentur‚
332 1727 399 1769 non
423 1712 598 1771 cernerent.
645 1729 743 1790 quare
766 1708 842 1772 hinc
865 1707 1076 1773 manifestum

62 1816 130 1897 est,
161 1833 202 1876 ne
229 1813 368 1898 paginae
399 1812 530 1897 quidem
556 1814 665 1878 locum
693 1819 800 1879 totum
829 1815 925 1879 cerni.
982 1819 1014 1879 et
1041 1814 1075 1877 in

63 1919 179 1984 ceteris
203 1919 283 1983 uisis
302 1920 387 1983 idem
407 1919 532 1984 accidit.
569 1921 679 2003 itaque
699 1942 780 2004 quae
800 1925 983 2005 cemuntur‚
1005 1925 1076 1985 tota

64 2025 163 2090 simul
181 2047 248 2089 non
267 2030 446 2090 cernentur.
483 2025 635 2090 uidentur
655 2030 764 2091 autem
779 2027 875 2111 cerni,
895 2027 970 2109 quia
984 2027 1075 2092 uisus

63 2131 148 2196 mira
181 2132 345 2196 celeritate
379 2136 552 2197 mouentur
582 2133 665 2196 nihil
698 2133 900 2218 omittentes,
931 2133 993 2198 hoc
1026 2137 1077 2198 est

65 2239 219 2304 continue
243 2243 501 2304 transcurrentes
524 2261 583 2303 nec
607 2237 849 2325 desultantes1)

132 2346 172 2408 ad
200 2346 486 2410 demonstrandum
513 2350 635 2430 autem,
664 2345 704 2409 ab
731 2368 783 2431 eo,
811 2347 897 2430 quod
925 2346 1076 2431 cernitur,

65 2452 105 2515 ad
124 2451 233 2515 uisum
250 2451 428 2537 imaginem
442 2453 604 2536 quandam
621 2474 688 2517 non
706 2452 884 2538 peruenire,
903 2475 984 2537 quae
1003 2475 1077 2517 eum

64 2562 271 2623 commoueat
303 2558 343 2621 ad
375 2558 594 2643 recipiendum
626 2559 674 2644 id,
711 2560 797 2643 quod
829 2560 985 2645 cemitur‚
1016 2560 1077 2624 has

64 2664 209 2729 rationes
235 2664 409 2730 adferebat.
444 2688 521 2730 nam
544 2667 639 2731 etde
663 2667 853 2752 corpusculo
878 2667 1031 2751 quaesito·
1044 2672 1078 2732 et

64 2771 103 2835 de
126 2770 258 2834 homine
285 2770 407 2836 librum
429 2773 645 2856 perlustrante
670 2773 907 2838 dubitationem
929 2774 1077 2838 adserens

66 2876 208 2942 dicebat:
242 2875 270 2940 si
298 2876 443 2941 adfectus
472 2877 602 2942 uidendi
633 2879 832 2964 imaginibus
860 2879 1077 2944 adfluentibus

65 2983 248 3047 efficeretur
267 2987 299 3046 et
315 2983 355 3047 ab
372 2984 522 3049 omnibus
543 2985 732 3070 corporibus
746 2989 902 3070 perpetuo
916 2985 1077 3071 imagines

137 3161 163 3227 1)
182 3158 332 3225 Hucusque
351 3157 406 3211 def.
428 3163 441 3209 1
462 3157 625 3227 explicatur.

101 3317 242 3375 τουτέστιν
261 3319 317 3374 Vv
400 3324 441 3372 20.
461 3318 530 3372 Post
547 3317 578 3372 τό
598 3318 701 3388 addp
701 3318 774 3387 itm.
793 3335 846 3375 rec.
865 3318 899 3374 V
973 3317 1031 3389 ὄψι]
1049 3335 1077 3374 v.

101 3390 150 3462 μή]
171 3389 277 3459 addidi,
298 3407 351 3444 om.
369 3389 450 3459 va.
532 3395 574 3443 21.
594 3339 781 3460 ravetoddcp.
858 3389 890 3444 τό
905 3389 988 3463 (clap
1006 3405 1077 3445 cort.

65 3477 99 3515 ex
117 3470 199 3517 τοῦτο
217 3480 253 3516 m.
273 3477 326 3515 rec
344 3462 377 3515 V.
451 3466 493 3514 22.
512 3457 607 3517 αἰτίαν
624 3461 802 3531 τοιαύτηνρ
874 3466 921 3517 26
936 3459 1038 3528 toda
1048 3476 1120 3571 ud

66 3533 115 3586 sed
134 3550 203 3587 corr.
276 3530 435 3604 ἀπέρρειρ.
