2334 3788
104 147 168 212 152
315 148 526 201 OPTIOORUM
544 149 721 202 REOENSIO
739 147 908 202 THEONIS.

170 294 253 378 πρὸς
283 287 345 358 οὐν
372 293 409 357 τὸ
436 293 555 356 πιστὸν
582 286 668 357 εἶναι
693 294 777 357 πατά
801 294 839 358 τὸ
866 292 1035 377 παρὸντὸ
1061 289 1121 354 ἀπ-

60 405 84 455 ‘a
104 410 198 476 τῖνας
225 393 310 464 εἶναι
337 401 396 488 τάς
418 397 611 484 ἐκχεομένας
637 398 692 464 παὶ
715 401 873 477 πινούσας
901 400 938 464 τὸ
963 398 1123 484 δρατιπὸν

105 505 215 582 πάθος
241 504 431 590 ἀρπούντως
454 503 560 570 έδύπει
583 507 753 591 είρησθαι,
776 507 859 591 πρὸς
882 503 919 570 δέ
942 506 979 570 τὸ
1003 505 1061 579 τάς
1086 502 1123 568 ἐν

108 621 153 700 τῷ
186 612 275 700 αὐτῷ
309 611 450 700 ἐπιπέδῳ
488 623 561 688 ταῖς
592 610 688 690 ὄφεσι
725 611 876 697 πειμένας
912 613 1124 697 περιφερείας

72 718 243 795 σεύθείας
270 722 452 802 φαίνεσθαι
480 721 569 801 έλεγε
600 720 692 784 τάδε·
725 721 811 784 διότι
844 719 865 803 ἡ
894 718 931 784 ἐν
958 727 1003 806 τῷ
1031 717 1122 803 αὐτῷ

108 824 250 913 ἐπιπέδῳ
274 827 406 910 κειμένη
428 823 504 902 ὄφις
523 823 680 913 ῳτινιούν
698 832 858 914 θεωρητῳ
877 827 1012 908 τοιαύτη
1032 823 1125 889 ἐστὶν

109 933 192 996 ὥστε
224 932 303 1015 μήτε
335 929 523 1016 ὑψηλοτέρα
559 926 644 996 εἶναι
680 941 740 996 τοῦ
773 931 1009 1017 θεωρουμένου
1043 933 1125 1015 μήτε

108 1036 334 1124 ταπεινοτέρα·
358 1037 395 1101 τὸ
415 1037 477 1122 γὰρ
497 1036 534 1101 ἐν
551 1047 597 1125 τῷ
617 1037 706 1126 αὐτῷ
722 1037 863 1126 ἐπιπέδῳ
880 1045 1014 1103 κεῖσθαι
1028 1035 1123 1102 τοῦτ’

109 1147 208 1209 ἔστιν.
248 1146 279 1208 εί
300 1139 362 1209 οὐν
385 1143 461 1207 οὐτε
484 1140 698 1229 ταπεινοτέρα
721 1144 797 1208 οὐτε
819 1141 1009 1228 ὑψηλοτέρα
1033 1141 1127 1207 ἐστὶν

57 1250 131 1334 1οη
155 1249 233 1328 ὄφις
259 1259 316 1334 τῆς
344 1248 380 1314 ἐν
407 1256 453 1336 τῷ
482 1246 623 1336 ἐπιπέδῳ
653 1248 878 1334 γεγραμμένης
904 1252 1128 1335 περιφερείας,

111 1355 186 1440 οὐχὶ
213 1358 324 1421 τοῖσδε
351 1351 412 1439 μὲν
439 1365 509 1430 τοῖς
535 1352 669 1440 μέρεσιν
695 1355 902 1442 ὑψηλοτέρας
923 1356 1128 1441 προσβάλλει

112 1463 247 1538 ἀπτῖνας
268 1462 380 1526 τοῖσδε
403 1456 439 1524 δὲ
460 1459 701 1547 ταπεινοτέρας,
725 1450 808 1527 ἀλλά
826 1471 907 1527 πᾶσι
925 1474 994 1538 τοῖς
1012 1460 1127 1548 μέρεσι

112 1577 171 1651 τῆς
192 1570 402 1653 περιφερείας
426 1572 500 1642 ίσας
521 1567 580 1642 τάς
602 1567 659 1631 διά
681 1576 741 1632 τοῦ
762 1567 917 1633 ἐπιπέδου
940 1566 1129 1654 φερομένας

114 1674 249 1752 ἀπτῖνας
270 1672 470 1760 προσβάλλει
498 1673 581 1738 ὥστε
603 1675 665 1757 τὴν
688 1674 793 1758 αὐτὴν
815 1665 991 1758 γίγνεσθαι
1015 1676 1128 1740 αἰτίαν

62 1793 97 1843 15
115 1790 176 1846 τοῦ
203 1804 238 1846 τε
264 1782 302 1845 τὸ
326 1779 482 1844 ἐπίπεδον
505 1778 638 1857 εὐθείας
661 1784 849 1865 φαντασίαν
873 1780 1047 1846 ἀπολιπεῖν
1071 1779 1128 1845 παλ

37 1906 50 1940 ·-
66 1910 78 1955 ι
100 1890 176 1974 τὴν
199 1887 235 1954 έν
257 1896 303 1975 τῷ
323 1885 464 1974 ἐπιπέδῳ
484 1885 712 1971 γεγραμμένην
729 1886 951 1974 περιφέρειαν.
988 1885 1043 1952 παλ
1063 1889 1127 1973 γάρ

115 1997 152 2061 τὸ
176 1994 333 2060 ἐπίπεδον
355 1995 392 2059 τὸ
416 1991 466 2058 ἐπ’
487 1993 620 2070 εὐθείας
643 1998 793 2077 πείμενον
815 2004 854 2079 τῇ
874 1993 948 2072 ὄφει
967 1995 1048 2058 αὐτὸ
1068 1991 1130 2077 μὲν

116 2101 310 2187 ἀθεώρητον
334 2096 402 2164 ἐστὶ
425 2099 481 2163 διά
502 2100 539 2164 τὸ
558 2101 601 2183 μὴ
620 2105 838 2185 προσπίπτειν
857 2101 945 2188 αὐτῷ
964 2101 1130 2184 μηδεμίαν

115 2218 184 2271 τῶν
207 2206 270 2271 ἀπὸ
293 2213 351 2287 της
374 2202 480 2281 ὅψεως
504 2203 706 2288 ἐκχεομένων
728 2204 882 2290 ἀκτίνων,
905 2208 942 2272 τὸ
967 2203 1004 2271 δέ
1026 2205 1131 2292 πέρας

62 2324 99 2374 20
118 2313 220 2377 αὐτοῦ
243 2317 432 2395 θεωρεῖται,
460 2310 539 2393 ὅπερ
567 2309 657 2375 ἐστίν
683 2310 703 2393 ἡ
731 2311 931 2398 περιφέρεια.
977 2311 1064 2396 λέγει
1091 2309 1129 2378 δέ

118 2417 203 2504 [διά]
227 2417 289 2499 την
315 2415 398 2500 πρὸς
424 2425 464 2500 τῇ
488 2414 562 2493 ὄψει
589 2415 742 2500 πειμένην
765 2420 933 2504 γραμμήν,
961 2421 1033 2502 ἥτις
1060 2432 1132 2495 τοῖς

118 2529 246 2597 λοιποῖς
264 2529 323 2585 τοῦ
343 2518 499 2585 ἐπιπέδου
517 2520 650 2607 μέρεσιν
670 2522 921 2609 ἐπιπροσθούσα
935 2525 1133 2612 ἀθεώρητον

118 2640 209 2694 ποιεῖ
228 2628 265 2692 τὸ
290 2625 454 2692 ἐπίπεδον.
499 2625 581 2710 ἡδὲ
604 2629 686 2713 αὐτη
715 2632 804 2694 αἰτία
830 2630 850 2713 ἡ
874 2629 949 2716 περὶ
977 2641 1037 2696 τοῦ
1061 2631 1132 2697 ἐπι-

119 2734 222 2801 πέδου
241 2742 301 2798 τοῠ
318 2731 368 2798 ἐπ’
386 2733 520 2810 εὐθείας
532 2734 685 2819 πειμένου
699 2745 745 2824 τῳ
760 2735 881 2821 ὄμματι
895 2750 984 2802 ποιεῖ
996 2738 1134 2815 εὐθείας

66 2855 102 2906 25
121 2841 318 2907 ἀποδιδόναι
337 2844 524 2924 φαντασίαν
546 2839 686 2907 παλτῶν
703 2855 922 2929 περιφερειῶν
944 2856 1012 2909 τῶν
1031 2844 1068 2909 έν
1086 2856 1133 2933 τῷ

121 2949 209 3037 αὐτῷ
234 2944 375 3034 ἐπιπέδῳ
402 2946 562 3032 πειμένων
584 2958 629 3035 τῳ
656 2947 784 3033 ὄμματι.
827 2953 1009 3035 φαίνεσθαι
1032 2948 1070 3016 δὲ
1092 2954 1133 3017 τὸ

121 3053 182 3141 μέν
195 3057 314 3139 μεῖζον,
333 3053 413 3118 ὅταν
426 3058 575 3132 πλείονες
589 3053 682 3133 ὄψεις
696 3055 927 3142 ε’πιβάλλωσιν,
942 3060 979 3123 τὸ
994 3055 1031 3123 δὲ
1046 3064 1133 3143 ίσον,

195 3218 218 3266 1,
237 3210 268 3265 τό
284 3211 356 3280 (pr.)]
375 3218 457 3265 τοῦτο
466 3210 501 3279 V,
520 3227 588 3266 corr.
603 3229 639 3265 m.
654 3228 707 3266 rec.
764 3209 849 3286 εἶναι]
869 3213 899 3268 in
913 3231 967 3269 ras.
982 3233 1018 3269 m.
1033 3231 1086 3269 ree.
1097 3215 1133 3269 V.

159 3289 183 3337 4.
207 3283 279 3354 ταῖς]
298 3299 366 3336 corr.
383 3297 416 3334 ex
429 3280 479 3343 τάς
492 3300 528 3335 m.
543 3282 640 3337 ασελ.
696 3291 720 3338 5.
741 3283 832 3354 έλεγεν
846 3286 880 3355 V,
899 3307 916 3340 ν
932 3303 1001 3340 eras.
1020 3304 1045 3340 v.

124 3372 176 3409 om.
196 3372 245 3422 pv.
318 3353 404 3425 αὐτῷ]
423 3351 467 3405 bis
486 3371 513 3421 p,
533 3356 562 3407 et
580 3371 605 3422 v,
626 3354 675 3407 sed
694 3371 762 3411 corr.
844 3360 868 3412 8.
888 3354 1077 3425 ταπεινοτέρα
1097 3287 1133 3426 λῃ,

124 3428 153 3479 οὐ
171 3444 196 3492 v,
216 3424 266 3478 sed
284 3440 352 3478 corr.
415 3430 439 3477 9.
458 3421 611 3493 ὑφιλοτέρα
629 3444 655 3492 ν,
675 3426 724 3479 sed
743 3443 811 3482 corr.
868 3425 953 3500 ἐστίν]
973 3426 1014 3483 -ίν
1033 3428 1063 3480 in
1077 3445 1133 3482 ras.

111 3512 149 3547 m.
172 3502 187 3546 1
214 3495 241 3549 V,
328 3499 370 3550 14.
391 3491 522 3566 γίνεσθαι
540 3514 567 3566 p.
650 3503 690 3552 17.
711 3496 768 3568 ὐψη
787 3516 813 3552 v.
893 3504 935 3552 20.
955 3497 1134 3571 περιφέρεια]
