2334 3788
436 106 715 159 PROLEGOMENA.
1019 103 1084 159 xlx

72 263 139 300 nam
162 263 226 300 cum
243 249 329 300 antea
352 245 438 300 etiam
456 245 573 314 reliquis
592 245 749 316 codicibus,
772 247 846 301 inter
864 263 934 316 quos
952 246 1085 302 nonnulli-

72 325 142 380 satis
161 325 272 394 antiqui
291 328 368 394 sunt,
392 325 502 395 aliquid
524 325 703 382 auctoritatis
725 326 890 396 tribuerem,
914 343 988 380 nunc
1011 326 1082 381 mihi

70 405 214 476 persuasi,
236 406 301 461 Uat.
321 412 373 460 204
392 406 483 460 solum
500 406 671 460 recensionis
688 406 904 461 fundamentum
922 423 990 462 esse.
1028 408 1082 462 hoc

70 485 199 540 intellexi
216 489 328 555 reperta
346 485 543 541 emendatione
557 485 621 555 loci,
640 485 689 555 qui
703 489 747 541 est
759 505 787 556 p.
803 492 863 557 146,
879 493 921 557 16,
940 487 991 541 nbi
1009 485 1083 542 κατοί

62 582 87 619 ἐ
112 565 192 621 codd.
212 565 397 620 deterioribus
421 568 451 620 et
472 566 537 620 Uat.
558 572 611 620 204
633 569 757 621 correcto
780 566 886 636 recepi,
910 584 1083 636 quamquam

70 663 127 700 non
153 645 264 715 placuit
290 649 332 716 (u.
350 664 377 715 p.
397 652 448 700 141
471 649 558 716 not.);
592 646 642 700 sed
669 648 783 701 seruata
811 645 949 716 scriptura
976 645 1081 702 codicis

70 727 136 780 Uat.
158 731 210 780 204
232 725 378 780 lenissima
404 724 562 780 mutatione
585 727 699 797 egregia
723 725 822 781 euadit
843 726 997 783 sententiat
1025 728 1082 783 καί

63 807 132 876 4τὴν
155 806 263 876 αὐτὴν
282 807 400 861 εὐθεῖαν
420 802 508 861 οὖσαν
530 804 646 875 (lineam
664 804 881 875 coniungentem
898 804 1021 859 mediam
1039 805 1082 858 lu·

71 903 184 940 cernam
202 888 231 939 et
248 885 350 940 rimam
367 885 491 940 tabellae
510 888 540 939 et
557 885 649 939 lucem
668 883 727 939 siue
740 887 877 954 punctum
890 883 1082 939 illuminatum

70 964 187 1019 alterius
206 964 332 1019 tabellae
350 967 457 1019 rectam
475 967 553 1033 esse).
584 964 650 1018 hinc
669 965 795 1035 adparet,
815 968 922 1033 quanta
944 963 1082 1019 distantia

70 1043 135 1098 Uat.
156 1049 209 1098 204
227 1045 328 1098 ceteris
345 1046 516 1114 praestet;*)
533 1044 631 1113 itaque
651 1062 714 1099 cum
733 1062 765 1100 ec
785 1044 965 1099 scribendum

69 1142 97 1193 p.
113 1130 174 1192 146,
189 1131 223 1179 26
243 1123 414 1193 ἐμάστενσαν

69 1222 96 1273 p.
114 1209 174 1274 148,
190 1211 206 1257 9
243 1203 342 1276 ποίίοί]
361 1204 493 1268 πολλάκις

69 1303 97 1353 p.
114 1291 174 1353 148,
190 1289 223 1337 17
242 1284 313 1356 ἅμα]
332 1285 519 1339 omittendum

69 1382 97 1433 p.
114 1369 174 1433 160,
190 1370 222 1418 11
243 1367 309 1419 ante
319 1364 393 1434 ὄμμα
403 1362 627 1418 inserendum&
637 1361 668 1418 δὲ
678 1363 840 1434 παράλληλα
849 1363 885 1418 τὰ
896 1366 955 1434 ΞΛ,
962 1367 1027 1434 ΠΝ,
1035 1369 1083 1419 ΒΔ

68 1462 96 1515 p.
113 1449 224 1513 162,10
242 1447 335 1514 μεῖζον
353 1477 389 1485 -
404 1451 435 1499 11
456 1449 486 1498 H
489 1444 531 1515 Ξ]
551 1443 708 1499 omittenda
726 1443 823 1515 (etiam
841 1447 870 1514 v)

69 1530 223 1594 μ.162,13
241 1525 290 1579 καὶ
309 1524 392 1597 οὕτω]
412 1525 569 1581 omittenda
588 1523 686 1595 (etiam
704 1526 733 1593 v)

69 1623 96 1674 p.
114 1609 223 1671 162,14
240 1604 276 1659 τὰ
293 1603 412 1678 μεγέθη]
432 1604 590 1660 omittenda

70 1701 96 1753 p.
114 1690 224 1752 1ec,aa
243 1686 339 1756 ΔΚΖ]
354 1691 447 1740 AKH

70 1782 97 1831 p.
114 1769 175 1832 166,
190 1770 225 1818 20
243 1760 282 1820 ὦν
301 1798 335 1806 -
353 1784 380 1835 p.
400 1772 462 1835 168,
483 1771 499 1819 8
523 1764 672 1836 φαίνεται]
700 1764 804 1818 οὐκοῦν
826 1771 882 1817 τῶν
905 1763 962 1817 ἀπὸ
985 1771 1035 1816 τοῦ
1059 1768 1083 1816 Β

245 1844 367 1914 ὄμματος
380 1846 450 1914 πρὸς
458 1845 489 1900 τὸ
501 1850 557 1900 ΓΚ
569 1843 704 1900 ἐπίπεδον
716 1852 949 1911 προσπιπτουσῶν
959 1841 1082 1898 ἀκτίνων

244 1923 430 1994 μετεωροτέρα
444 1925 539 1995 ἐστίίν)
556 1925 574 1994 ἡ
589 1929 645 1979 ΒΓ
659 1922 730 1990 ἥπερ
748 1921 766 1990 ἡ
782 1925 845 1974 ΒΖ·
865 1919 967 1990 ὁμοίως
980 1922 1015 1991 δὴ
1032 1921 1082 1977 καὶ

245 2004 364 2061 ἐπὶτῶν
383 2004 453 2075 ἑξῆς.
482 2005 587 2060 οὐκοῦν
604 2005 637 2059 τὸ
656 2001 708 2073 μὲν
728 2007 755 2057 Γ
769 2012 819 2058 τοῦ
840 2008 861 2057 Ζ
879 2003 1083 2072 μετεωρότερον

246 2093 387 2154 φανεῖται,
404 2085 436 2140 τὸ
455 2081 486 2138 δὲ
508 2089 529 2138 Ζ
547 2091 596 2138 τοῦ
615 2091 649 2153 A,
667 2083 698 2138 τὸ
717 2079 748 2136 δὲ
768 2089 794 2136 A
811 2092 860 2138 τοῦ
879 2088 913 2137 Κ.
945 2082 988 2137 ita
1007 2082 1082 2137 enim

245 2164 304 2220 cod.
319 2163 408 2219 Paris.
423 2171 492 2220 2342
511 2163 576 2234 (nisi
590 2163 666 2232 quod
684 2159 806 2217 ἀκτίνων
820 2161 1009 2232 μετεωροτατη
1025 2160 1083 2216 ἐστί

242 2243 340 2315 habet)
359 2243 457 2299 addito
475 2253 557 2301 τοῦτο
575 2244 649 2315 ζήτει
667 2244 754 2304 ἄλλως
772 2242 829 2296 ἀπὸ
848 2242 933 2298 ἄλλον
948 2241 1081 2312 ἀντιγρά-

244 2363 301 2412 φον
315 2341 346 2396 ἐν
359 2347 397 2415 τῷ
407 2339 489 2416 ἑτέρῳ
503 2340 580 2412 μέρει
594 2342 625 2398 ἐν
635 2340 737 2416 σημείῳ
750 2326 832 2429 Ἠ,
848 2343 876 2394 et
892 2341 934 2394 ita
948 2339 1081 2394 habuisse

244 2439 271 2494 V
294 2456 309 2494 e
331 2439 460 2510 uestigiis
482 2457 533 2509 pro
556 2442 633 2510 certo
656 2438 806 2509 colligitur.
853 2440 914 2492 tum
938 2436 970 2491 in
991 2437 1082 2506 figura

247 2536 311 2573 cum
325 2519 385 2574 cod.
396 2519 484 2574 Paris.
497 2526 566 2574 2342
580 2518 783 2589 permutandae
800 2523 821 2571 Z
839 2520 868 2571 et
882 2523 919 2584 A;
938 2535 965 2587 p.
977 2523 1036 2585 166,
1048 2522 1082 2570 20

244 2615 295 2668 pro
314 2603 371 2672 BA,
386 2603 444 2668 ΒΖ,
460 2604 516 2653 ΒΚ
532 2599 583 2669 (ita
597 2598 684 2653 Paris.
700 2601 781 2668 2342)
800 2595 1006 2666 exspectaueris
1021 2600 1081 2666 BZ,

245 2684 309 2748 BA,
329 2683 395 2747 ΒΚ,
419 2679 469 2733 sed
487 2679 535 2735 cfr.
554 2698 581 2749 p.
598 2684 657 2749 168,
674 2685 719 2748 13,
743 2677 792 2731 ubi
812 2694 826 2730 e
844 2676 870 2730 V
888 2675 1081 2747 recipiendum

243 2762 313 2829 puto
333 2763 393 2827 ΒΓ,
408 2764 469 2814 BA.

71 2855 98 2907 p.
115 2843 176 2907 168,
192 2844 227 2892 14
246 2833 285 2894 ὧν
299 2871 334 2878 -
348 2844 381 2892 21
398 2838 508 2910 ὁρᾶται]
529 2841 632 2894 οὐκοῦν
650 2836 835 2908 ταπεινοτάτη
853 2845 909 2892 τῶν
923 2838 981 2892 ἀπὸ
995 2845 1044 2892 τοῦ
1060 2842 1082 2891 Β

246 2917 369 2987 ὄμματος
380 2918 450 2986 πρὸς
458 2919 489 2973 τὸ
500 2923 554 2973 AZ
568 2916 702 2974 ἐπίπεδον
715 2927 949 2987 προσπιπτουσῶν
958 2916 1083 2973 ἀκτίνων

247 2997 320 3053 ἐστὶν
338 2998 356 3068 ἡ
376 3004 433 3066 BA,
451 2999 501 3053 καὶ
518 2999 662 3067 ἀπώτερον
681 2996 813 3068 φαίνεται
831 2997 862 3052 τὸ
881 3005 921 3052 Δ·
939 2998 971 3053 τὸ
986 3003 1011 3051 A
1026 2997 1082 3066 ἄρα

244 3077 442 3146 ταπεινότερον
466 3076 598 3148 φαίνεται
619 3087 668 3133 τοῦ
689 3083 725 3147 Γ,
752 3078 783 3132 τὸ
805 3075 836 3132 δὲ
857 3082 883 3131 Γ
902 3087 951 3133 τοῦ
973 3082 1001 3131 Ζ.
1039 3077 1082 3132 ita

245 3157 332 3212 etiam
349 3157 436 3213 Paris.
457 3164 535 3215 2342.

142 3301 169 3370 *)
183 3298 272 3355 Simul
287 3301 413 3371 adparet,
427 3317 542 3355 manum
554 3317 608 3356 rec.
622 3300 728 3354 nullius
742 3299 879 3354 momenti
893 3314 961 3367 esse,
977 3298 1082 3368 quippe

57 3371 384 3513 quutffipgrligtscripturas
406 3371 534 3426 codicum
557 3371 727 3426 deteriorum
748 3370 882 3425 intrudat
900 3371 958 3423 aut
978 3369 1018 3419 te
1038 3384 1097 3418 suo

916 3526 966 3580 *ob
