2334 3788
101 119 163 183 126
325 121 482 175 SGHOLIA
499 124 538 176 IN
556 123 726 178 EUOLIDIS
745 126 883 179 OPTIOA.

100 267 284 347 ἰσογωνίων
306 267 480 352 τριγώνων
503 266 669 350 ἀνάλογόν
691 271 777 333 είσιν
800 270 836 333 αί
856 267 931 355 περὶ
953 269 1011 347 τὰς
1035 275 1110 346 ίσας

97 375 221 453 γωνίας
238 371 378 458 πλευραὶ
392 374 448 437 διὰ
462 382 522 438 τοῦ
537 372 571 438 δ’
585 383 645 439 τοῦ
661 372 693 442 ς’
707 386 774 439 τῶν
792 379 983 459 Στοιχείων.
1014 379 1108 441 ἔσται

98 474 160 544 οὖν
184 479 228 554 ὡς
250 478 271 562 ἡ
294 484 361 543 ΕΔ
387 481 470 566 πρὸς
488 482 549 564 τὴν
571 484 652 565 ΔΓ,
681 482 786 559 οὕτως
809 483 829 566 ἡ
852 486 918 547 ΕΛ
939 483 1022 568 πρὸς
1045 485 1108 567 τὴν

99 590 181 652 ΛΚ·
212 582 267 650 καὶ
290 584 443 671 ἐναλλάξ,
466 588 511 664 ὡς
533 585 553 669 ἡ
577 593 644 652 ΕΛ
665 589 749 674 πρὸς
771 591 832 673 τὴν
854 593 935 673 ΕΛ,
958 590 1063 665 οὕτως
1087 590 1107 674 ἡ

63 698 160 759 5ΓΛ
181 694 266 779 πρὸς
287 694 348 776 τὴν
368 697 445 758 ΚΛ.
482 698 600 778 μείζων
624 691 660 759 δὲ
683 695 789 779 ἡΕΛ
811 704 868 779 τῆς
885 700 965 760 ΕΔ·
988 700 1107 781 μείζων

98 804 163 888 ἄρα
185 798 241 865 καὶ
263 799 283 882 ἡ
307 803 376 864 ΚΛ
397 810 455 884 τῆς
479 804 548 865 ΓΛ.

165 929 194 993 6.
223 924 300 992 Ὑπὸ
323 929 487 992 πλειόνων
510 927 620 1005 ὄψεων
641 951 672 1011 p.
691 926 722 1011 4,
741 926 798 1010 21]
823 929 853 991 εί
874 924 911 991 δὲ
933 926 997 992 ὑπὸ
1017 932 1108 992 πλει-

99 1035 188 1099 όνων
210 1036 334 1117 ὄψεων,
357 1032 412 1098 καὶ
434 1034 499 1098 ὑπὸ
522 1036 686 1099 πλειόνων
709 1044 850 1116 γωνιῶν.

167 1160 195 1224 7.
229 1157 285 1224 Ἐν
315 1168 361 1246 τῶ
391 1155 511 1243 μεταξὺ
543 1161 737 1243 διαστήματι
768 1183 799 1243 p.
828 1160 863 1244 6,
890 1157 924 1242 2]
956 1156 1107 1223 τουτέστι

47 1277 80 1326 10
98 1277 166 1331 τῶν
193 1269 261 1330 ΒΓ
286 1264 342 1330 καὶ
369 1270 435 1330 ΒΔ
467 1264 520 1330 ε’πὶ
547 1266 587 1329 τὰ
615 1268 804 1351 ἔμπροσθεν
831 1265 875 1341 ὡς
901 1265 984 1350 πρὸς
1010 1265 1047 1329 τὸ
1074 1267 1110 1328 Κ

99 1371 295 1460 ἐρχομένων.

165 1499 196 1564 8.
231 1497 363 1562 Οὐκοῦν
389 1498 473 1582 πρὸς
500 1497 536 1561 τὸ
560 1500 596 1560 Κ
619 1520 649 1581 p.
668 1497 702 1580 6,
726 1496 761 1580 3]
789 1507 857 1561 τῶν
883 1497 946 1582 γὰρ
975 1495 1107 1560 διαστεί-

99 1621 183 1669 σεων
202 1602 223 1687 ἣ
241 1608 367 1688 μᾶλλον
385 1602 597 1668 ἀποστάσεων
614 1613 860 1689 προχωρουσῶν
879 1606 968 1668 ἔσται
982 1599 1102 1686 μεταξὺ

99 1711 271 1795 διάστημα,
295 1707 336 1776 οὗ
359 1710 396 1774 αί
416 1709 612 1786 ἀποστάσεις
634 1710 690 1773 διὰ
712 1710 749 1774 τὸ
774 1707 829 1773 ἀπ’
851 1708 1002 1791 ἀλλήλων
1025 1708 1104 1773 ἄπο-

47 1827 80 1875 15
99 1824 278 1902 σχισθῆναι
301 1817 361 1901 οὐχ
385 1817 534 1896 ἅψονται.
917 1898 920 1904 .

165 1945 195 2008 9.
237 1945 370 2022 Μείζων
402 1941 439 2007 δὲ
470 1943 596 2028 πλευρὰ
628 1940 648 2024 ἡ
681 1946 744 2005 ΒΖ
775 1965 805 2025 p.
830 1942 864 2026 6,
893 1939 954 2023 26]
987 1943 1105 2026 μείζων

98 2050 254 2132 εὐλόγως·
287 2049 396 2136 ὀρθὴν
428 2051 491 2134 γὰρ
523 2048 703 2131 ὑποτείνει,
735 2048 755 2132 ἡ
788 2044 825 2112 δὲ
853 2053 918 2112 ΖΑ
949 2047 1106 2112 ἐλάττονα

99 2156 216 2242 ὀρθῆς·
241 2158 280 2222 οὐ
300 2158 363 2242 γὰρ
382 2155 521 2242 ἐγχωρεῖ
540 2156 663 2232 πολλοῖς
681 2155 788 2239 ὀρθὰς
805 2149 891 2219 εἶναι
914 2152 951 2218 ἐν
969 2151 1019 2218 ἑνὶ
1038 2177 1106 2240 τρι-

98 2263 208 2349 γῶνω·
226 2271 294 2327 πῶν
307 2262 370 2346 γὰρ
385 2264 549 2348 τρίγωνον
563 2262 621 2337 τὰς
635 2272 722 2346 τρεῖς
736 2264 858 2343 γωνίας
871 2258 971 2324 δυσὶν
985 2259 1106 2347 ὀρθαῖς

45 2385 80 2434 20
100 2374 173 2445 ίσας
195 2370 269 2451 ἔχει.

167 2493 216 2556 10.
253 2490 321 2556 Καὶ
347 2491 367 2574 ἡ
390 2492 454 2556 ὑπὸ
480 2496 579 2556 ΖΒΕ
603 2515 633 2575 p.
654 2493 689 2577 6,
713 2491 769 2575 28]
801 2493 857 2556 6ιά
884 2492 921 2556 τὸ
949 2494 996 2567 είς
1023 2513 1105 2577 παρ-

98 2601 261 2682 αλλήλους
288 2600 349 2682 τὴν
371 2603 434 2663 ΕΒ
462 2596 613 2682 ἐμπεσεῖν
640 2597 695 2663 καὶ
720 2608 856 2683 ποιῆσαι
883 2600 940 2675 τὰς
968 2595 1105 2675 ἐναλλὰξ

98 2711 179 2782 ίσας.

167 2814 216 2876 11.
258 2813 391 2890 Μείζων
428 2814 492 2897 ι’ίρα
527 2812 712 2897 ὀφθήσεται
752 2836 782 2895 p.
812 2813 846 2898 8,
875 2812 912 2897 1]
954 2811 1010 2876 διὰ
1047 2813 1105 2877 τὸν

45 2934 79 2982 25
98 2919 188 3005 ὅρον,
213 2919 263 2984 ὅτι
286 2919 325 2983 τὰ
348 2919 412 2984 ὑπὸ
436 2922 595 3005 μειζόνων
619 2931 750 3002 γωνιῶν
774 2918 932 3005 ὁρώμενα.

166 3044 216 3108 12.
249 3041 277 3107 ε’
300 3066 330 3127 p.
350 3045 385 3130 8,
406 3043 441 3128 5]
475 3042 587 3129 ἕτερον
619 3052 717 3108 τοῦτο
744 3052 805 3108 τοῦ
833 3042 989 3129 δευτέρου
1016 3049 1102 3107 θεω-

134 3236 259 3362 mag&
333 3242 357 3293 7.
376 3233 424 3291 Vb.
498 3239 522 3290 8.
542 3232 590 3290 Vb.
665 3243 688 3292 9.
707 3235 755 3290 Vb.
824 3242 864 3290 10.
885 3236 931 3290 V‘.
996 3240 1036 3288 11.
1057 3233 1104 3287 va,

168 3493 191 3540 4.
211 3487 285 3558 ΛΚ]
304 3491 332 3540 K
348 3501 364 3539 ο
382 3502 449 3539 corr.
