2334 3788
65 108 69 120 '
110 108 176 172 334
496 109 735 162 1(ΒΔΤΟΡΊἘΙΟΑ,

110 253 145 318 έκ
168 261 227 317 τοῦ
250 250 390 338 κέντρου
413 250 466 316 ἐπὶ
488 260 546 336 τῆς
568 258 642 317 ΑΔ.
682 250 751 317 ἐπεὶ
774 247 836 317 οὖν
859 257 913 334 ίση
937 250 957 334 ἡ
981 245 1044 334 μὲν
1062 251 1131 313 ΒΓ

110 369 149 445 τῇ
172 364 250 443 ΒΖ,
278 358 299 442 ἡ
323 355 360 422 δέ
384 361 447 423 ΓΘ
473 368 512 443 τῇ
537 363 614 442 ΖΘ,
641 359 849 444 παράλληλος
875 357 917 422 ἀν
942 362 992 439 εἴη
1016 355 1038 439 ἡ
1064 358 1131 420 ΒΓ

110 476 149 551 τῇ
174 470 245 530 ΖΘ.
297 464 357 529 οὐκ
384 467 448 549 ἀρα
472 476 682 550 συμπεσεῖται
705 465 725 548 ἡ
749 467 817 528 ΒΓ
842 461 920 542 ὄψις
940 473 981 549 τῇ
1004 463 1042 527 ἐκ
1066 472 1126 527 τοῦ

110 570 249 658 κέντρου
269 570 321 636 ἐπὶ
339 573 376 636 τὸ
396 572 575 658 ὁρώμενον,
593 569 742 636 τουτέστι
761 579 799 655 τῇ
820 575 892 653 ΖΘ,
912 567 965 633 ἐπὶ
983 569 1024 633 τὰ
1044 573 1084 652 Θ,
1100 572 1133 633 Γ

75 677 200 765 ὁμέρη.
247 681 329 744 ὥστε
357 679 397 743 οὐ
426 681 578 763 φαίνεται
606 678 643 742 τὸ
670 682 698 741 Θ
725 675 827 761 ὄμμα·
859 676 941 741 κατὰ
970 675 1033 762 γάρ
1064 677 1125 760 τὴν

110 787 281 870 συμβολὴν
304 784 458 879 ἐφαίνετο
481 795 548 849 τῶν
573 787 646 867 ΒΓ,
667 788 739 848 ΖΘ.

176 929 258 992 ἔστω
286 924 387 991 πάλιν
414 927 454 991 τά
482 926 579 1009 αὐτοί,
612 933 669 1009 τῆς
697 921 734 990 δὲ
756 924 946 1009 διχοτομίας
969 922 1124 1010 ἀνωτέρω

109 1035 233 1097 κείσθω
257 1033 297 1096 τά
319 1029 447 1116 ὄμματα
470 1032 510 1096 τὰ
530 1035 569 1114 Β,
589 1032 622 1094 Γ
640 1037 713 1096 ίσον
736 1029 898 1115 ἀπέχοντα
921 1039 978 1113 της
1003 1028 1039 1094 ἐκ
1064 1038 1122 1095 τοῦ

109 1137 248 1225 κέντρου
270 1148 328 1222 τῆς
347 1143 421 1202 ΖΑ.
459 1135 543 1223 φημὶ
567 1139 608 1222 δὴ
631 1141 813 1222 φαίνεσθαι
836 1138 876 1202 τά
895 1142 934 1221 Β,
954 1140 987 1201 Γ
1003 1134 1061 1201 καλ
1084 1138 1124 1202 τά

59 1258 91 1307 10
111 1244 200 1322 δεξιὰ
224 1244 380 1330 ἀριστερὰ
405 1242 461 1309 καὶ
484 1245 523 1310 τὰ
546 1244 703 1331 ἀριστερὰ
726 1243 816 1323 ὃεξιά
843 1242 957 1310 καὶτὸ
982 1244 1123 1308 εἴδωλον

109 1356 219 1436 μεῖζον
245 1359 305 1415 τοῦ
332 1352 513 1436 προσώπου
544 1349 600 1416 καὶ
627 1353 664 1416 τὸ
693 1350 863 1435 ἀπόστημα
893 1349 957 1415 ἀπὸ
985 1358 1046 1413 τοῦ
1072 1349 1122 1414 έν-

109 1461 233 1543 ὄπτρου
257 1459 333 1541 ἔχον
355 1460 465 1540 μεῖζον
488 1459 525 1522 τὸ
549 1458 697 1522 εἴδωλον.
734 1460 816 1522 ἔστω
840 1457 903 1542 γὰρ
922 1455 942 1539 ἡ
961 1460 1025 1521 ΒΑ
1045 1454 1124 1534 ὄψις

109 1562 333 1648 ἀνακλωμένη,
356 1562 412 1628 καὶ
430 1564 678 1647 ἐπεζεύχθωσαν
697 1563 760 1629 ἀπὸ
779 1573 840 1629 τοῦ
860 1568 887 1627 Ζ
909 1561 1050 1649 κέντρου
1070 1561 1124 1627 έπὶ

96 1659 148 1737 1τά
167 1675 205 1753 Β,
221 1674 254 1735 Γ
271 1672 308 1736 αί
325 1675 398 1754 ΖΒ,
418 1674 488 1753 ΖΓ,
511 1669 566 1734 καὶ
589 1670 799 1754 ἐκβεβλήσθω
823 1671 933 1754 ηΒΑ.
970 1668 1040 1733 ε’πελ
1060 1665 1123 1734 οὖν

57 1790 89 1838 15
110 1778 281 1862 διχοτομία
305 1777 372 1843 έστλ
395 1779 432 1843 τὸ
452 1782 496 1860 Ν,
518 1780 636 1861 μείζων
661 1775 750 1841 έστὶν
772 1777 793 1860 ἡ
817 1781 880 1840 ΒΖ
902 1785 960 1859 τῆς
980 1780 1044 1840 ΒΑ
1067 1775 1123 1840 καλ

109 1884 187 1967 ἡΚ
211 1887 315 1966 γωνία
342 1893 400 1967 τῆς
426 1889 464 1948 Ε.
521 1890 574 1965 ίση
602 1880 639 1947 δὲ
666 1881 686 1965 ἡ
712 1886 747 1947 Κ
770 1893 810 1968 τῇ
833 1888 878 1947 Δ·
910 1886 1030 1967 μείζων
1057 1885 1122 1968 ἀρα

108 1990 163 2055 καὶ
190 1990 210 2073 ἡ
234 1997 267 2054 Δ
295 2000 351 2073 τῆς
374 1995 411 2054 Ε.
458 1999 703 2074 συμπεσοῦνται
730 1991 793 2074 ἀρα
822 1991 859 2052 αί
881 1993 957 2072 ΖΒ,
982 1992 1043 2053 ΓΑ
1071 1990 1121 2055 ε’κ-

108 2101 292 2180 βληθείσαι.
338 2095 610 2179 συμπιπτέτωσαν
638 2097 719 2160 κατά
744 2097 781 2160 τὸ
805 2101 848 2159 Π.
894 2096 951 2159 διὰ
973 2096 1013 2159 τά
1038 2096 1122 2160 αὐτὰ

109 2204 149 2286 δὴ
169 2202 222 2266 καὶ
242 2205 279 2267 αι’
296 2208 367 2285 ΒΑ,
383 2207 449 2266 ΖΓ
463 2212 707 2286 συμπεσοῦνται
721 2203 803 2267 κατὰ
818 2205 854 2268 τὸ
872 2207 908 2266 Θ.
932 2202 1120 2286 ὀφθήσεται

54 2320 89 2370 ‘20
108 2311 171 2394 ἀρα
199 2311 235 2373 τὸ
263 2306 323 2394 μὲν
348 2313 379 2373 Γ
402 2308 454 2373 ε’πὶ
481 2319 541 2373 τοῦ
567 2314 609 2392 Θ,
641 2310 677 2373 τὸ
706 2306 743 2373 δέ
765 2314 794 2373 Β
823 2307 875 2373 έπλ
901 2317 959 2373 τοῦ
983 2313 1033 2393 Π,
1065 2307 1121 2373 καὶ

108 2418 260 2500 φαίνεται
284 2417 323 2480 τὰ
346 2412 405 2498 μὲν
429 2413 519 2492 ὄεξιά
542 2415 706 2501 ἀριστερά,
730 2417 769 2479 τά
788 2412 825 2480 δὲ
844 2415 999 2501 ἀριστερὰ
1019 2413 1119 2492 ὃεξιά.

107 2521 190 2586 ἀλλά
212 2524 277 2605 μὴν
300 2520 355 2585 καὶ
377 2525 496 2606 μείζων
518 2520 538 2603 ἡ
561 2526 632 2585 ΘΠ
650 2531 707 2605 τῆς
725 2525 803 2586 ΒΓ·
828 2522 1033 2607 παράλληλοι
1057 2523 1119 2609 χάρ

179 2826 202 2873 1.
223 2817 284 2891 ἐπί]
304 2836 357 2873 om.
376 2837 411 2873 m.
491 2821 551 2890 τῆς]
570 2819 605 2873 τά
623 2820 660 2873 Μ.
743 2820 800 2891 ἴση]
820 2818 864 2889 ἴση
885 2817 958 2874 ἐστίν
977 2839 1012 2873 m.
1093 2827 1117 2874 2.

106 2892 238 2962 τῇμιλτη]
258 2899 306 2960 τῆς
324 2890 361 2945 Μ.
416 2889 491 2943 Post.
507 2888 539 2943 δέ
558 2891 611 2944 del.
626 2891 657 2944 τό
672 2909 697 2944 v.
755 2893 820 2962 ΖΘ]
842 2895 893 2944 ΓΖ
906 2909 941 2945 m.
999 2901 1117 2945 mout-

108 2960 180 3017 έστιν
198 2963 232 3030 V,
261 2979 349 3029 comp.
370 2979 394 3014 v.
488 2963 657 3085 ZQ'ZQE
674 2963 711 3016 M.
804 2970 827 3016 6.
852 2962 919 3032 τῶν]
939 2979 1007 3014 corr.
1028 2979 1063 3016 ex
1080 2981 1117 3016 τω

106 3033 229 3088 m.lV.
317 3032 524 3099 7.κθίυ,λζ’

106 3107 154 3158 λον
173 3123 209 3157 m.
269 3109 309 3157 12.
332 3103 407 3174 έχον]
427 3120 495 3157 corr.
516 3119 550 3156 ex
570 3103 638 3174 έχων
656 3121 682 3172 V,
703 3121 756 3158 om.
775 3123 810 3157 m.
866 3103 897 3157 τὸ
918 3103 1048 3174 εἴδωλον]
1068 3112 1117 3157 τοῦ

106 3174 308 3242 ἀποστήματος,
329 3172 361 3229 οὗ
380 3172 478 3244 ἀπέχει
495 3175 526 3227 τὸ
546 3175 695 3242 πρόσωπον
714 3193 749 3228 m.
815 3180 856 3228 15.
878 3172 949 3246 ἐστί]
971 3172 1046 3230 ἐστίν
1059 3176 1116 3229 Vv,

142 3248 187 3316 N]
208 3250 238 3298 H
249 3246 342 3299 Mvm.
398 3247 490 3312 μεῖζον
509 3263 533 3299 v.
590 3247 652 3317 BZ]
674 3250 722 3300 ZB
741 3247 811 3300 Mm.
868 3251 910 3299 16.
930 3248 1042 3317 K(pr.)]
1061 3245 1116 3300 ὑπὸ

106 3321 184 3371 ΒΑΖ
203 3334 237 3370 m.
313 3318 353 3387 E]
373 3315 428 3369 ὑπὸ
449 3320 525 3369 ΒΖΑ
544 3335 580 3370 m.
666 3318 684 3386 ἡ
704 3316 815 3386 malt.)
837 3349 867 3356 -
890 3322 931 3371 17.
953 3319 993 3388 Ε]
1013 3325 1047 3388 τῇ
1066 3314 1117 3385 μὲν

105 3389 160 3442 ὑπὸ
181 3393 229 3441 ΒΑ
238 3391 258 3440 Ζ
276 3387 294 3456 ἡ
313 3388 367 3441 ὑπὸ
390 3391 435 3440 ΓΑ
444 3391 477 3455 Ζ,
496 3396 529 3458 τῇ
549 3385 579 3441 δὲ
598 3388 653 3441 ὑπὸ
673 3393 750 3442 BZA
768 3388 786 3457 ἡ
805 3388 860 3442 ὑπὸ
882 3392 972 3457 ΓΖΛ,
992 3387 1041 3457 ὅλη
1061 3388 1118 3456 ἀρα

105 3459 122 3526 ἡ
141 3459 196 3511 ὑπὸ
212 3463 295 3511 ΒΑΓ
310 3457 374 3528 ὄλης
392 3465 441 3526 τῆς
459 3459 513 3512 ὑπὸ
529 3463 611 3512 ΒΖΓ
627 3457 725 3527 μείζων
745 3456 801 3513 ἐστι’
819 3478 854 3513 m.
922 3465 962 3514 16.
981 3460 1028 3531 τῇ]
1048 3475 1117 3514 corr.

570 3051 595 3086 v.
683 3039 724 3088 11.
749 3033 817 3104 ἀπό]
837 3031 851 3087 ὃ
871 3030 969 3102 ἀπέχει
987 3032 1018 3087 τὸ
1039 3032 1117 3086 εἴδω-
