2334 3788
77 141 142 206 228
290 142 498 193 OPTICORUM
516 140 695 192 RECENSIO
714 139 881 191 THEONIS.

549 317 617 403 νβ’·

132 444 226 510 Ἔστι
245 468 295 522 τις
312 447 422 527 τόπος,
445 440 485 510 οὗ
504 452 563 508 τοῦ
583 441 727 526 ὄμματος
747 441 1003 526 μεθισταμένου,
1028 452 1089 508 τοῦ

79 549 115 616 δὲ
136 549 307 638 ὁρωμένου
326 550 494 636 μένοντος,
517 548 568 614 αἰεὶ
589 555 662 613 ίσον
681 550 718 613 τὸ
737 548 906 634 ὁρώμενον
926 553 1091 634 φαίνεται.

145 661 226 723 ἔστω
243 659 305 743 γὰρ
321 657 491 745 ὁρώμενον
502 655 562 742 μὲν

45 765 203 848 ὅτὸΒΓ,
222 763 310 850 ὄμμα
330 762 367 829 δὲ
386 766 423 830 τὸ
443 769 480 850 Ζ,
499 763 559 850 ἀφ’

79 868 119 938 οὗ
128 871 424 956 προσπιπτέτωσαν
432 871 562 948 ἀκτῖνες

80 977 560 1063 αίΖΒ,ΖΓ,καὶαεριειλήφθω

80 1087 116 1150 τὸ
127 1089 228 1151 ΒΖΓ
242 1089 407 1172 τρίγωνον
421 1086 561 1169 τμήματι

80 1193 203 1256 κύκλου
248 1201 293 1278 τῷ
337 1194 461 1275 ΒΖΓ,
506 1189 562 1256 καὶ

28 1313 61 1360 10
80 1300 284 1381 μετακείσθω
303 1299 340 1362 τὸ
356 1303 383 1362 Ζ
404 1296 491 1382 ὄμμα
510 1296 562 1362 ἐπὶ

80 1413 139 1468 τοῦ
163 1410 211 1487 Λ,
239 1401 294 1468 καὶ
322 1402 561 1487 μετατινιτέτω-

42 1592 49 1601 ·
81 1526 144 1574 σαν
180 1511 217 1573 αί
252 1509 380 1586 ἀκτῖνες
416 1512 453 1575 αί
484 1515 562 1595 ΔΒ,

42 1666 46 1674 ,
80 1620 155 1681 ΛΓ.
202 1617 326 1681 οὐκοῦν
350 1622 403 1699 ἴση
427 1616 447 1699 ἡ
471 1622 502 1681 Ρ
520 1619 625 1699 γωνία
647 1629 686 1705 τῇ
710 1625 757 1684 Σ·
788 1620 823 1685 ἐν
846 1620 909 1706 γὰρ
933 1628 979 1708 τῷ
1002 1620 1094 1709 αὐτῷ

80 1726 224 1807 τμήματί
244 1725 317 1788 είσι.
367 1724 407 1787 τα
436 1719 473 1787 δὲ
499 1723 564 1788 ὑπὸ
594 1730 676 1790 ίσων
698 1737 831 1808 γωνιῶν
858 1725 1009 1810 ὁρώμενα
1038 1734 1094 1791 ίσα

29 1845 61 1892 15
81 1833 242 1914 φαίνεται.
289 1835 363 1894 ίσον
386 1832 450 1913 ὄρα
472 1831 509 1894 τὸ
534 1834 601 1895 ΒΓ
622 1833 678 1895 διὰ
705 1835 828 1909 παντὸς
850 1836 1002 1916 φαίνεται
1032 1842 1093 1897 τοῦ

81 1934 225 2020 ὄμματος
246 1935 490 2019 μεθισταμένου
514 1935 567 2001 ἐπὶ
591 1946 648 2021 τῆς
671 1941 767 2002 ΒΓΑ
789 1941 1006 2024 περιφερείας.

556 2173 623 2232 μί’·

138 2271 232 2337 Ἔστι
251 2295 301 2348 τις
323 2276 432 2354 τόπος,
456 2269 496 2337 οὗ
516 2282 575 2337 τοῦ
594 2275 738 2357 ὄμματος
755 2273 1008 2359 μεθισταμένου,
1033 2285 1095 2339 τοῦ

83 2376 119 2443 δὲ
143 2379 313 2465 ὁρωμένου
336 2378 508 2463 μένοντος,
537 2381 654 2444 ἄνισον
677 2381 714 2444 τὸ
738 2379 907 2466 ὁρώμενον
930 2392 1095 2464 φανεῖται.

31 2499 64 2547 20
150 2489 231 2550 έστω
255 2487 317 2571 γὰρ
343 2485 512 2571 ὁρώμενον
534 2487 571 2549 τὸ
590 2489 669 2568 ΚΛ,
693 2486 807 2550 εὐθεῖα
831 2482 868 2550 δὲ
886 2487 906 2569 ἡ
925 2490 993 2551 ΒΓ
1011 2505 1095 2571 συμ-

83 2595 248 2656 τίττουσα
271 2601 309 2676 τῇ
334 2595 398 2654 ΚΛ
424 2589 746 2677 τροσεκβαλλομένῃ,
773 2591 828 2656 ναὶ
857 2595 1007 2677 εἰλήφθω
1037 2603 1096 2677 τῆς

85 2701 156 2760 ΛΓ
184 2696 239 2761 καὶ
271 2707 329 2779 τῆς
362 2700 428 2760 ΓΚ
461 2695 542 2780 μέση
573 2697 737 2779 ίινοίλογον
769 2698 789 2780 ἡ
823 2703 899 2782 ΓΖ,
935 2698 990 2763 ναὶ
1024 2699 1095 2764 ἐντε-

86 2805 211 2886 ζεύχθω
239 2802 259 2885 ἡ
290 2807 358 2867 ΖΚ
386 2801 441 2867 καὶ
468 2802 488 2885 ἡ
519 2809 599 2886 ΖΛ,
632 2801 706 2888 περὶ
735 2802 771 2868 δέ
798 2807 859 2889 τὴν
887 2809 956 2868 ΚΛ
983 2815 1094 2889 τμῆμα

85 2911 265 2996 γεγράφθω
295 2908 404 2987 ὀξεῖαν
432 2912 508 2993 ἔχον
535 2911 596 2993 τὴν
626 2915 656 2974 Φ
686 2917 824 2993 γωνίαν·
860 2911 1019 2995 ἐφάψεται
1053 2912 1096 2995 δὴ

33 3029 66 3077 25
86 3025 143 3100 τῆς
166 3019 233 3081 ΒΓ
252 3017 399 3099 εὐθείας,
432 3015 561 3103 ἐπείπερ
586 3016 689 3100 ἐστίν,
722 3018 766 3093 ὡς
788 3018 808 3101 ἡ
832 3021 904 3082 ΛΓ
925 3019 1009 3103 πρὸς
1034 3020 1097 3102 τὴν

86 3127 162 3207 ΓΖ,
186 3124 291 3200 οὕτως
314 3122 334 3206 ἡ
355 3126 422 3187 ΖΓ
438 3125 521 3208 πρὸς
543 3125 604 3207 τὴν
624 3128 695 3188 ΓΚ.
728 3127 850 3188 κείσθω
870 3121 987 3189 οὖντὸ
1007 3126 1097 3208 ὄμμα

86 3227 139 3294 ἐπὶ
157 3235 259 3294 τοῦΒ
279 3233 426 3314 σημείου,
449 3228 503 3294 καὶ
526 3233 852 3316 αροσβεβίήσθωσαν
871 3232 908 3294 αί
924 3235 957 3294 Δ
963 3235 1001 3312 Β,
1018 3234 1097 3314 ΒΚ,

85 3357 297 3364 ————-——

157 3427 180 3476 1.
204 3422 266 3493 μθ]
292 3422 345 3491 μθ’
361 3422 422 3490 Vp,
447 3440 465 3474 v
483 3440 518 3475 m.
541 3431 568 3488 13
597 3422 644 3490 με’
660 3440 678 3474 v
696 3440 731 3475 m.
752 3428 776 3476 2.
868 3429 891 3476 2.
916 3423 1041 3494 -θιστα-]
1064 3422 1096 3476 in

79 3509 133 3546 τινα
154 3493 183 3547 V.
258 3499 300 3549 11.
320 3494 382 3567 τοῦ]
402 3495 470 3548 mut.
485 3492 515 3546 in
532 3492 563 3547 τό
583 3511 617 3548 m.
634 3509 686 3547 rec.
701 3493 734 3547 V.
803 3491 1042 3561 μεταπιττέτωσαι
1061 3495 1095 3563 V,
