2334 3788
451 129 620 182 EUOLIDIS
639 128 776 182 ΟΡΤΙΟΔ.

583 322 652 390 λθ’.

174 450 251 517 Ἐὰν
274 449 415 535 μέγεθός
432 473 464 514 τι
486 450 569 536 πρὸς
592 449 698 536 ὀρθὰς
722 443 741 535 ᾖ
763 458 809 536 τῳ
826 446 1030 536 ὑποκειμένῳ
1053 448 1121 514 ἐπι-

111 557 214 646 πέδῳ,
242 565 324 644 τεθῇ
348 553 385 621 δὲ
407 557 444 622 τὸ
468 559 554 641 ὄμμα
583 555 639 621 ἐπί
658 580 690 621 τι
718 568 853 640 σημεῖον
880 565 940 621 τοῦ
964 554 1120 621 ἐπιπέδου

110 664 165 730 καὶ
193 668 387 750 μεθίστηται
414 665 451 728 τὸ
479 663 649 750 ὁρώμενον
680 660 734 727 έπὶ
760 662 884 728 κύκλου
911 666 1121 749 περιφερείας

76 771 248 855 σκέντρον
288 773 420 855 ἔχοντος
458 771 495 835 τὸ
532 772 638 854 ὄμμα,
680 774 755 833 ίσον
791 767 841 834 ἀεὶ
877 770 914 834 τὸ
951 769 1121 855 ὁρώμενον

111 878 295 963 ὀφθήσεται
317 877 399 942 κατὰ
422 877 633 962 παράλληλον
655 874 754 941 θέσιν
776 885 816 962 τῇ
844 874 876 953 ἐξ
900 875 1001 962 ἀρχῆς
1026 900 1120 960 μετα-

110 988 237 1068 βαῖνον.

176 1094 258 1156 ἐστον
282 1090 452 1176 ὁρώμενόν
474 1113 506 1154 τι
529 1088 670 1174 μέγεθος
692 1090 729 1154 τὸ
752 1094 819 1153 ΑΒ
846 1090 929 1176 πρὸς
952 1089 1058 1175 ὀρθίας
1081 1089 1120 1154 ὄν

109 1207 155 1286 τῳ
175 1195 326 1286 ἐπιπέδῳ,
349 1199 437 1282 ὄμμα
456 1193 492 1262 δὲ
510 1199 592 1261 έστυ
611 1197 648 1260 τὸ
664 1198 699 1260 Γ.
736 1194 792 1260 καὶ
810 1195 992 1280 ἐπεζεύχθω
1011 1194 1031 1278 η
1048 1199 1119 1280 ΓΒ,

58 1317 91 1366 10
110 1302 166 1369 καί
188 1303 312 1391 κέντρῳ
336 1299 397 1387 μὲν
418 1311 464 1391 τῳ
483 1305 521 1385 Γ,
544 1303 674 1386 διαστη-

109 1434 185 1496 ματι
219 1407 256 1474 δὲ
286 1419 332 1498 τῳ
364 1413 431 1474 ΓΒ
467 1410 587 1485 κύκλος
621 1432 673 1491 γε·
736 1392 770 1449 Α

109 1516 253 1602 γροίφθω
272 1516 289 1582 ὁ
306 1521 375 1580 ΒΔ.
412 1514 506 1599 λέγω,
530 1515 591 1600 ὅτι,
615 1515 673 1580 εὀλν

110 1609 162 1688 ἐπὶ
179 1631 238 1706 της
253 1631 313 1686 τοῦ
326 1623 450 1688 κύκλου
464 1625 674 1709 περιφερείας

92 1732 302 1814 Ιμεθίστηται
338 1730 375 1793 τὸ
413 1733 483 1793 ΑΒ
522 1727 672 1813 μέγεθος,
745 1722 756 1764 ”

57 1848 90 1896 15
109 1834 173 1901 ἀπὸ
187 1844 246 1900 τοῦ
262 1839 294 1899 Γ
308 1837 451 1920 ὄμματος
470 1841 544 1900 ίσον
562 1836 672 1920 ὀφθή-

109 1959 199 2007 σεται
221 1944 259 2007 τὸ
283 1947 358 2006 ΑΒ.
398 1941 538 2028 καὶγὰρ
562 1941 582 2024 ἡ
606 1947 672 2006 ΑΒ

109 2048 196 2134 ὀρθή
220 2047 288 2113 ἐστι
314 2047 370 2113 καὶ
392 2060 481 2114 ποιεί
505 2051 588 2135 πρὸς
610 2050 671 2133 την

109 2158 176 2218 ΒΓ
198 2158 323 2236 γωνίαν
351 2154 473 2240 ὀρθήν,
505 2164 607 2220 πᾶσαι
635 2151 672 2219 δὲ

108 2261 146 2324 αί
171 2258 233 2325 ἀπὸ
261 2269 322 2324 τοῦ
346 2264 379 2324 Γ
402 2258 540 2347 κέντρου
568 2263 832 2346 προσπίπτουσαι
859 2262 942 2346 πρὸς
968 2263 1030 2345 την
1056 2269 1116 2325 τοῦ

57 2377 92 2427 20
109 2367 233 2430 κύκλου
248 2363 460 2452 περιφέρειαν
479 2367 608 2431 εὐθεῖαι
627 2373 700 2442 ίσας
713 2369 836 2449 γωνίας
849 2375 1012 2431 ποιοῦσιν.
1044 2372 1117 2431 ίσον

108 2474 172 2558 ἄρα
194 2473 231 2537 τὸ
256 2472 423 2557 ὁρώμενον
446 2472 630 2556 ὀφθήσεται
653 2471 802 2557 μέγεθος.

175 2577 232 2643 ἐὰν
256 2574 292 2642 δὲ
316 2577 379 2643 ἀπὸ
402 2586 461 2642 τοῦ
486 2582 518 2642 Γ
539 2577 678 2665 κέντρου
705 2581 788 2665 πρὸς
810 2579 916 2665 ὀρθὰς
943 2579 1116 2664 ἀνασταθῇ

108 2684 237 2768 εὐθεῖα,
261 2681 313 2749 ἐπὶ
336 2680 373 2747 δέ
395 2685 515 2767 ταύτης
537 2687 574 2750 τὸ
598 2684 686 2770 ὄμμα
708 2692 803 2773 τεθῇ,
828 2685 884 2751 καὶ
907 2694 1116 2770 μετακινηται

107 2791 144 2856 τὸ
164 2791 333 2877 ὁρώμενον
354 2788 494 2875 μέγεθος
512 2793 594 2857 κατὰ
612 2802 670 2877 τῆς
687 2801 747 2857 τοῦ
764 2794 889 2858 κύκλου
907 2794 1117 2878 περιφερείας

55 2909 89 2958 25
107 2896 318 2984 παράλληλον
338 2896 378 2962 ὄν
396 2907 435 2984 τῇ
455 2882 580 2987 εύθείῳ,
604 2898 656 2984 ἐφ’
677 2894 716 2982 ἧς
738 2900 775 2964 τὸ
794 2897 892 2984 ὄμμα,
917 2905 990 2963 ίσον
1008 2895 1060 2963 ἀεὶ
1079 2899 1115 2963 τὸ

108 3005 277 3090 ὁρώμενον
300 3004 492 3089 ὀφθήσεται.

179 3273 202 3322 1.
226 3267 289 3340 λθ’]
313 3284 365 3322 om.
386 3286 415 3338 V,
445 3268 494 3338 μη’
514 3267 547 3337 V,
576 3268 624 3336 με’
644 3268 708 3323 vat.
729 3286 764 3323 m.
785 3274 808 3323 2.
899 3274 923 3323 4,
949 3267 1116 3338 μεθίσταται

108 3338 181 3406 vat„
202 3355 269 3394 cort.
289 3358 325 3394 m.
341 3345 364 3394 2.
438 3346 462 3394 5.
483 3339 527 3392 ἀεὶ
546 3337 607 3393 ίσον
625 3340 721 3394 Vahv.
796 3345 836 3394 10.
856 3337 972 3408 κέντρον
990 3360 1015 3396 v.
1073 3347 1113 3395 11.

107 3405 139 3462 θλ
157 3411 206 3482 τῷ]
226 3427 294 3466 corr.
314 3426 348 3464 ex
367 3406 398 3464 δὲ
417 3409 449 3464 τί
466 3428 502 3464 m.
522 3416 537 3462 2
556 3410 588 3464 V.
673 3413 734 3482 ΓΒ]
754 3415 809 3464 ΒΓ
823 3411 944 3466 Vat.¹m.
1024 3419 1065 3467 12.
1086 3413 1113 3484 ὁ]

106 3478 239 3545 Nam,
324 3487 364 3534 13.
384 3483 443 3554 της]
463 3497 515 3535 om.
536 3499 561 3535 v.
634 3482 695 3552 τοῦ]
715 3499 767 3536 om.
787 3482 860 3551 Vah,
885 3499 952 3538 corr.
972 3483 1003 3536 in
1020 3492 1069 3554 τῆς
1088 3502 1113 3539 v.
