2324 3788
215 132 254 182 IN
274 132 482 183 OPTICORUM
499 133 754 184 RECENSIONEM
772 133 937 186 THEONIS.
1015 131 1079 195 277

141 274 191 336 λ2.
214 271 288 337 Ἔτι
310 277 435 338 κείσθω
459 284 498 360 τῇ
521 275 586 339 ὑπὸ
609 285 676 339 τῶν
699 279 803 340 ΕΖΚ
821 299 852 360 p.
876 278 955 360 210,
980 277 1035 361 14]
1060 277 1080 361 ἡ

72 379 137 463 γὰρ
160 378 226 444 ὑπὸ
249 390 316 445 τῶν
339 383 443 444 ΕΖΚ
468 380 602 465 ἐδείχθη
626 381 769 446 ἐλάττων
795 392 911 447 πασῶν
933 392 1001 446 τῶν
1024 383 1081 447 διὰ

71 494 132 549 τοῦ
153 490 180 549 Ζ
204 485 410 571 διαγομένων
425 485 488 578 ’καὶ
510 497 679 552 ποιουσῶν
701 489 784 573 πρὸς
801 499 841 574 τῇ
859 493 925 552 ΑΒ
949 493 1080 570 γωνίας.

139 611 189 675 73.
222 614 356 689 Μείζωυ
379 608 416 675 δὲ
438 610 459 694 η
485 616 513 676 0
539 635 570 696 p.
590 613 664 697 212,
684 611 717 696 1]
745 613 910 698 τριγώνου
933 615 996 699 γὰρ
1020 623 1080 678 τοῦ

70 720 180 781 ΛΡΠ
204 717 296 794 ἐκτός
319 717 402 801 ε’στι,
429 716 527 802 καλὴ
554 719 637 803 πρὸς
659 727 704 805 τῷ
730 723 758 782 0
785 720 849 804 ὄρα
872 722 990 803 μείζων
1013 719 1082 785 ἐστὶ
1118 731 1135 780 s>

68 832 130 907 τῆς
156 824 238 908 πρὸς
265 833 311 911 τῷ
335 829 378 888 Π.
423 828 482 889 καί
502 824 571 888 ἐστι
598 824 618 907 ἡ
641 820 702 907 μὲν
727 827 812 910 πρὸς
833 835 878 913 τῷ
904 832 932 892 0
961 833 1014 909 ίση
1041 837 1081 911 τῇ

67 931 136 994 ὑπὸ
160 934 275 1012 ΗΕΘ,
298 930 319 1013 ἡ
342 928 379 994 δὲ
401 932 484 1016 πρὸς
506 939 551 1017 τῷ
575 935 614 994 Π
634 937 687 1014 ίση
710 942 750 1016 τῇ
772 931 837 996 ὑπὸ
861 938 970 996 ΑΕΒ.

393 1125 445 1190 Ad
466 1149 557 1210 prop.
580 1125 763 1191 XXXVIII.

143 1252 193 1340 74.
239 1254 306 1313 Τοῦ
339 1251 482 1333 ὄμματος
516 1249 569 1315 ε’πλ
601 1261 662 1314 τοῦ
693 1249 832 1337 κεύτρου
866 1261 926 1316 τοῦ
958 1252 1082 1316 κύκλου

68 1356 236 1441 κειμένου.
1103 1387 1136 1436 10

143 1483 192 1544 75.
220 1477 357 1564 Ὁμοίως
376 1479 422 1564 (λε’,
440 1480 503 1546 κᾶν
523 1481 585 1546 ἀπὸ
605 1489 664 1545 τοῦ
680 1484 713 1545 Γ
725 1480 863 1567 κέντρου
881 1484 965 1568 πρὸς
977 1482 1083 1568 ὀρθὰς

70 1588 247 1672 ἀνασταθῇ
270 1587 401 1670 εὐθεῖα,
434 1585 487 1651 ἐπὶ
514 1584 550 1651 δὲ
579 1589 700 1670 ταύτης
725 1589 762 1653 τὸ
786 1590 873 1673 ὄμμα
900 1596 996 1674 τεθῇ,
1028 1587 1083 1653 καλ

70 1703 285 1779 μετακινηται
303 1695 340 1758 τὸ
360 1694 529 1779 ὁρώμενον
547 1692 688 1778 με’γεθος
705 1696 787 1759 κατὰ
805 1704 864 1778 τῆς
881 1704 940 1759 τοῦ
958 1696 1083 1759 κύκλου

69 1803 283 1886 περιφερείας
301 1801 512 1884 παράλληλον
536 1799 575 1864 ὄν
596 1809 635 1884 τῇ
654 1800 779 1887 εὐθείᾳ,
802 1799 856 1885 ἐφ’
872 1796 911 1883 ἧς
929 1803 966 1866 τὸ
986 1804 1082 1884 ὄμμα,

72 1914 149 1972 ίσον
173 1904 223 1970 ίιελ
245 1908 282 1971 τὸ
307 1906 476 1991 ὁρώμενον
499 1906 693 1989 ὀφθήσεται.
1103 1936 1136 1984 15

456 2101 507 2164 Ad
529 2123 619 2185 prop.
641 2101 707 2165 XL.

143 2227 192 2289 76.
226 2223 337 2308 Λέγω,
365 2226 415 2289 ὄτι
443 2224 463 2306 ἡ
486 2229 553 2289 AB
580 2230 647 2290 κτλ.
675 2248 705 2308 p.
729 2226 809 2310 220,
831 2224 870 2308 2]
899 2223 1082 2292 τουτέστιν·

72 2333 156 2397 ὅταν
183 2330 203 2414 ἡ
231 2338 265 2394 Δ
272 2335 299 2394 Ζ
331 2333 392 2414 την
419 2329 517 2395 θέσιν
550 2330 585 2395 ἐν
618 2341 662 2419 τῷ
690 2332 799 2418 κύκλῳ
828 2331 951 2414 ταύτην
979 2337 1083 2417 σχοίη,

72 2438 219 2504 ε’λοίττων
249 2437 434 2521 ὀφθήσεται
461 2439 558 2523 ἥπερ,
589 2437 642 2501 ὅτε
669 2431 711 2519 ἦν
735 2436 902 2503 ἀναστᾶσα
930 2441 972 2523 μη
1000 2442 1083 2526 πρὸς

74 2545 192 2630 ὀρθάς·
1101 2574 1136 2622 το

147 2759 187 2807 72.
208 2754 302 2807 VVat.
377 2759 558 2822 ταυτην,
587 2752 1082 2808 Οω.11ολοαλο1αόοεέπι-ολ

71 2822 257 2894 -ζενγνυμένη
276 2842 302 2892 p.
320 2830 380 2892 212,
397 2830 412 2877 5
432 2824 496 2894 (del.
512 2832 579 2878 ττι-2
600 2826 629 2877 et
646 2823 676 2876 in
690 2842 745 2893 mg.
762 2824 843 2893 eost).
913 2830 953 2878 74.
974 2825 1081 2892 RVat.;

69 2897 248 3034 ffiqpliglss,
268 2901 285 2946 4
303 2897 360 2949 not.
381 2894 441 2949 crit.
515 2900 554 2948 75.
574 2895 762 2964 Rurplwt).
832 2901 872 2950 76.
893 2896 1078 2964 V(Rvat.M¹

145 3186 169 3233 3.
194 3176 381 3249 διαγομένων]
406 3194 473 3231 corr.
494 3193 527 3230 ex
551 3174 708 3246 ὃιαγωυίων
731 3178 763 3231 V.
855 3184 878 3230 5.
903 3177 1024 3249 ἡπρός]
1050 3177 1080 3247 Ο,

70 3249 134 3309 ἐπεί
152 3269 178 3304 x.
270 3256 292 3303 6.
319 3249 386 3319 ἐστι]
406 3246 499 3303 (mx,
557 3293 559 3296 .
592 3254 614 3302 7.
640 3249 741 3319 ΗΕΘ]
765 3257 820 3302 τῶν
840 3251 932 3302 ΕΘΗ
948 3265 973 3301 x.
1056 3255 1080 3304 9.

68 3333 122 3380 τοῦ
137 3319 254 3388 κέντρου
268 3328 317 3374 τοῦ
333 3320 447 3390 κύκλου]
466 3327 515 3373 τοῦ
528 3325 556 3383 Θ
572 3315 688 3386 κέντρου
702 3318 735 3372 R.
792 3325 833 3373 11.
856 3319 896 3390 Γ]
911 3318 943 3387 R,
967 3335 1020 3373 om.
1034 3337 1080 3375 ru.

108 3400 151 3448 12.
170 3393 252 3462 τεθῇ]
273 3394 411 3462 μετατεθῇ
430 3408 455 3444 u.
521 3395 562 3444 13.
582 3398 770 3458 μετακινεῖται
787 3390 843 3443 Ru.
904 3391 966 3460 τοῦ]
986 3407 1082 3445 om.11.

108 3470 151 3520 19.
171 3461 336 3532 ὠφθήσεται
353 3461 386 3530 V,
406 3462 455 3515 sed
475 3478 542 3515 corr.
