2334 3788
104 140 168 205 236
312 144 522 196 OPTICORUM
540 143 718 196 ωεοεαειο
737 142 902 194 mamus¹

104 287 189 370 ηΚ,
218 294 257 372 τῇ
286 283 323 350 δέ
346 289 411 350 ΛΖ
439 292 493 370 ίση
521 289 603 352 έστω
631 286 751 370 ἡΒΓ,
783 283 838 350 καὶ
865 281 940 370 περὶ
969 285 1032 368 τὴν
1056 287 1124 349 ΒΓ

103 392 361 478 περιγεγράφθω
393 401 516 478 τμῆμα,
549 393 566 458 ὃ
600 392 725 471 δέξεται
755 393 817 476 τὴν
848 400 906 475 της
930 393 966 454 K
994 393 1121 472 γωνίας

104 497 264 582 ἡμίσειαν.
320 499 443 564 οὐκοῦν
470 499 490 583 ἡ
518 502 553 563 Κ
581 502 686 582 γωνία
715 499 872 563 διπλασία
899 494 967 562 ἐστὶ
999 504 1059 580 της
1087 502 1120 560 Δ

105 609 235 687 γωνίας.
288 605 445 670 διπλασία
472 607 537 691 ἀρα
560 610 712 690 φαίνεται
737 605 758 690 ἡ
782 609 847 688 ΛΖ
875 613 932 687 τῆς
960 606 1029 667 ΒΓ
1051 613 1120 668 τῶν

70 711 261 796 ῖόμμάτων
285 709 337 776 ἐπὶ
360 722 427 777 τῶν
450 715 567 796 ΛΚΖ,
586 715 688 777 ΒΔΓ
705 722 925 798 περιφερειῶν
948 708 1119 794 κειμένων.

574 993 646 1079 μθ’.

178 1141 252 1202 Τῶν
272 1142 331 1223 ίσφ
347 1137 436 1220 τάχει
451 1136 644 1223 φερομένων
662 1135 718 1201 καὶ
733 1135 786 1202 ἐπὶ
799 1146 857 1221 τῆς
871 1137 973 1220 αὐτῆς
986 1137 1123 1212 εὐθείας

107 1245 214 1309 όντων
242 1245 452 1328 προσιόντων
483 1239 544 1327 μὲν
574 1244 657 1328 πρὸς
684 1244 721 1308 τὸ
750 1246 837 1328 όμμα
864 1245 901 1308 τὸ
929 1249 1123 1308 τελευταῖον

106 1356 326 1435 προηγεῖσθαι
360 1347 462 1432 δόξει,
495 1348 775 1435 παραλλαξοίντων
808 1346 845 1414 δέ
876 1351 913 1414 τὸ
946 1346 1006 1433 μὲν
1038 1372 1122 1436 προ-

55 1469 88 1518 10
106 1457 292 1540 ηγοόμενον
328 1453 583 1540 ἐπακολουθεῖν,
615 1457 651 1521 τὸ
685 1452 722 1520 δέ
755 1454 1007 1521 ἐπακολουθοῦν
1039 1479 1123 1543 προ-

106 1569 260 1644 ηγεῖσθαι
284 1560 380 1638 δόξει.

174 1684 328 1771 φερέσθω
352 1687 414 1772 γάρ
440 1687 598 1769 ἰσοταχῶς
621 1687 660 1751 τά
683 1689 757 1770 ΒΓ,
775 1692 857 1770 ΔΖ,
877 1690 955 1770 ΚΛ,
977 1685 1033 1751 καὶ
1056 1687 1123 1752 ἀπὸ

107 1801 167 1856 τοῦ
186 1796 231 1856 Μ
247 1795 391 1877 όμματος
413 1791 707 1878 προσπιπτέτωσαν
730 1793 859 1868 ἀκτῖνες
882 1795 919 1857 αλ
935 1796 1017 1876 ΜΓ,
1037 1798 1124 1877 ΜΖ,

108 1903 192 1963 ΜΛ.
230 1899 354 1964 οὐκοῦν
372 1899 595 1984 μετεωροτάτη
615 1897 684 1964 ἐστὶ
702 1898 756 1964 καὶ
776 1898 950 1979 δεξιωτέρα
968 1911 1036 1963 τῶν
1056 1899 1122 1965 ἀπὸ

56 2018 89 2065 15
108 2014 168 2068 τοῦ
192 2007 336 2089 όμματος
364 2005 507 2070 ἀκτίνων
533 2018 814 2090 προσπιπτουσῶν
837 2005 857 2087 ἡ
881 2009 969 2069 ΜΓ·
994 2007 1032 2069 τὸ
1057 2008 1124 2091 ἀρα

108 2114 175 2174 ΒΓ
198 2109 285 2188 δόξει
313 2119 543 2198 προηγεῖσθαι.
593 2111 872 2197 παραλλαξάντων
896 2109 932 2175 δέ
955 2122 1023 2175 τῶν
1047 2117 1123 2196 ΒΓ,

108 2223 141 2280 Δ
147 2222 190 2300 Ζ,
209 2221 277 2280 ΚΛ
298 2216 353 2283 καὶ
372 2218 424 2283 ε’πὶ
443 2230 510 2283 τῶν
528 2223 567 2283 Ν
569 2218 609 2301 Ξ,
629 2223 703 2301 ΠΡ,
724 2223 795 2282 ΣΤ
813 2216 1000 2302 γενομένων
1019 2237 1124 2303 προσ-

107 2322 315 2388 πιπτέτωσαν
334 2325 463 2401 ἀκτῖνες
481 2327 518 2389 αί
534 2329 622 2407 ΜΝ,
637 2329 724 2407 ΜΠ,
739 2329 824 2388 ΜΣ.
862 2325 985 2388 οὐκοῦν
1004 2337 1124 2389 πασῶν

108 2440 175 2493 τῶν
198 2429 262 2494 ἀπὸ
286 2439 346 2493 τοῦ
370 2433 514 2515 ὄμματος
537 2431 680 2494 ἀκτίνων
705 2443 984 2516 προσπιπτουσῶν
1010 2431 1123 2509 δεξιω-

55 2549 89 2597 20
108 2534 185 2620 τέρα
209 2534 298 2600 ἐστὶν
320 2536 340 2619 η
364 2542 455 2619 ΜΣ,
483 2535 639 2621 ἀριστερά
663 2533 699 2600 δέ
722 2543 848 2620 μᾶλλον
871 2536 890 2619 ἡ
914 2541 997 2601 ΜΝ
1001 2558 1008 2571 ·
1038 2539 1125 2602 ὥστε

107 2639 162 2705 καὶ
189 2642 226 2705 τὸ
254 2639 314 2726 μὲν
343 2647 415 2706 ΣΤ
437 2648 658 2727 προηγεῖσθαι
687 2642 789 2726 δόξει,
818 2643 1062 2709 ἐπακολουθεῖν
1087 2642 1123 2709 δέ

108 2748 145 2810 τὸ
168 2752 207 2811 N
208 2747 244 2821 Ξ.
290 2750 328 2813 τὸ
351 2745 411 2833 μέν
439 2749 502 2833 ἀρα
525 2751 593 2813 ΒΓ
615 2751 868 2834 προηγούμενον
893 2748 945 2814 ἐπὶ
968 2759 1028 2814 τοῦ
1054 2757 1094 2815 Ν
1097 2752 1127 2824 Ξ

108 2856 286 2938 γενόμενον
301 2853 388 2931 δόξει
403 2853 653 2938 ἐπακολουθεῖν,
671 2857 709 2920 τὸ
728 2851 764 2919 δὲ
779 2859 811 2920 Λ
816 2860 850 2919 Κ
866 2856 1124 2922 ἐπακολουθοῦν

110 2959 161 3024 ἐπὶ
185 2969 244 3024 τοῦ
268 2965 340 3024 ΣΤ
358 2964 537 3045 γενόμενον
561 2960 647 3039 δόξει
670 2969 899 3048 προηγεῖσθαι.

179 3284 203 3332 3.
225 3276 297 3332 ἐστίν
317 3295 342 3331 v,
416 3282 439 3332 6.
460 3277 526 3347 μεθ’]
546 3279 587 3342 κζ’
603 3297 634 3346 p3
659 3279 754 3348 νςἽλ,
773 3285 886 3345 m.1v;
910 3279 956 3347 κγ’
972 3297 1008 3332 m.
1024 3296 1080 3335 ree.
1097 3300 1124 3336 v.

144 3354 167 3403 8.
188 3347 330 3404 τελευτέον
348 3348 380 3402 V.
460 3353 500 3401 13.
521 3351 568 3420 M]
589 3366 672 3418 supra
692 3367 742 3403 scr.
761 3368 797 3404 m.
818 3356 832 3402 1
853 3351 885 3404 V.
964 3355 1006 3406 14.
1027 3371 1123 3419 μετεο-

100 3418 224 3544 Ιρμτρλτρρ
239 3421 272 3490 V,
302 3436 369 3474 corr.
393 3435 515 3486 ομηρος
544 3419 726 3491 μετεοροτάτη
750 3440 775 3474 v.
885 3426 926 3474 23.
951 3420 1040 3493 δόξει]
1065 3442 1122 3492 mg.
