<?xml version="1.0" encoding="UTF-8"?>
<!DOCTYPE html PUBLIC "-//W3C//DTD XHTML 1.0 Transitional//EN"
    "http://www.w3.org/TR/xhtml1/DTD/xhtml1-transitional.dtd">
<html xmlns="http://www.w3.org/1999/xhtml" xml:lang="en" lang="en">
 <head>
  <title>
</title>
<meta http-equiv="Content-Type" content="text/html;charset=utf-8" />
  <meta name='ocr-system' content='tesseract 3.04.00' />
  <meta name='ocr-capabilities' content='ocr_page ocr_carea ocr_par ocr_line ocrx_word'/>
</head>
<body>
  <div class='ocr_page' id='page_1' title='image "./euclidisoperaom13unkngoog_0172.png"; bbox 0 0 2334 3788; ppageno 0'>
   <div class='ocr_carea' id='block_1_1' title="bbox 414 107 1082 172">
    <p class='ocr_par' dir='ltr' id='par_1_1' title="bbox 414 107 1082 172">
     <span class='ocr_line' id='line_1_1' title="bbox 414 107 1082 172; baseline -0.004 -8"><span class='ocrx_word' id='word_1_1' title='bbox 414 112 584 166; x_wconf 79' lang='lat' dir='ltr'><strong>EUGLIDIS</strong></span> <span class='ocrx_word' id='word_1_2' title='bbox 604 112 740 164; x_wconf 67' lang='lat' dir='ltr'><strong>ornos.</strong></span> <span class='ocrx_word' id='word_1_3' title='bbox 1040 107 1082 172; x_wconf 82' lang='grc'><strong>91</strong></span> 
     </span>
    </p>
   </div>
   <div class='ocr_carea' id='block_1_2' title="bbox 72 254 1134 978">
    <p class='ocr_par' dir='ltr' id='par_1_2' title="bbox 73 254 1085 447">
     <span class='ocr_line' id='line_1_2' title="bbox 73 254 1085 340; baseline -0.001 -21"><span class='ocrx_word' id='word_1_4' title='bbox 73 256 193 321; x_wconf 82' lang='lat' dir='ltr'><strong>iacenti</strong></span> <span class='ocrx_word' id='word_1_5' title='bbox 216 256 327 340; x_wconf 87' lang='lat' dir='ltr'><strong>plano,</strong></span> <span class='ocrx_word' id='word_1_6' title='bbox 351 256 463 322; x_wconf 83' lang='lat' dir='ltr'><strong>oculus</strong></span> <span class='ocrx_word' id='word_1_7' title='bbox 487 277 564 321; x_wconf 91' lang='lat' dir='ltr'><strong>uero</strong></span> <span class='ocrx_word' id='word_1_8' title='bbox 588 255 632 319; x_wconf 90' lang='lat' dir='ltr'><strong>sit</strong></span> <span class='ocrx_word' id='word_1_9' title='bbox 652 276 687 340; x_wconf 75' lang='lat'><strong>9,</strong></span> <span class='ocrx_word' id='word_1_10' title='bbox 714 259 746 319; x_wconf 93' lang='lat' dir='ltr'><strong>et</strong></span> <span class='ocrx_word' id='word_1_11' title='bbox 769 258 881 320; x_wconf 83' lang='lat' dir='ltr'><strong>centro</strong></span> <span class='ocrx_word' id='word_1_12' title='bbox 904 254 1034 339; x_wconf 90' lang='lat' dir='ltr'><strong>quidem</strong></span> <span class='ocrx_word' id='word_1_13' title='bbox 1057 254 1085 339; x_wconf 86' lang='lat' dir='ltr'><strong>b,</strong></span> 
     </span>
     <span class='ocr_line' id='line_1_3' title="bbox 73 360 1084 447; baseline -0.002 -20"><span class='ocrx_word' id='word_1_14' title='bbox 73 362 181 447; x_wconf 84' lang='lat' dir='ltr'><strong>spatio</strong></span> <span class='ocrx_word' id='word_1_15' title='bbox 200 384 278 427; x_wconf 89' lang='lat' dir='ltr'><strong>uero</strong></span> <span class='ocrx_word' id='word_1_16' title='bbox 297 364 338 447; x_wconf 74' lang='lat' dir='ltr'><strong>bp</strong></span> <span class='ocrx_word' id='word_1_17' title='bbox 358 363 495 428; x_wconf 89' lang='lat' dir='ltr'><strong>oiroulus</strong></span> <span class='ocrx_word' id='word_1_18' title='bbox 515 360 716 426; x_wconf 79' lang='lat' dir='ltr'><strong>describatur</strong></span> <span class='ocrx_word' id='word_1_19' title='bbox 732 363 787 443; x_wconf 78' lang='lat' dir='ltr'><strong>pet.</strong></span> <span class='ocrx_word' id='word_1_20' title='bbox 822 360 903 445; x_wconf 87' lang='lat' dir='ltr'><strong>dieo,</strong></span> <span class='ocrx_word' id='word_1_21' title='bbox 922 361 1084 447; x_wconf 83' lang='lat' dir='ltr'><strong>quoniam,</strong></span> 
     </span>
    </p>

    <p class='ocr_par' dir='ltr' id='par_1_3' title="bbox 72 466 1134 978">
     <span class='ocr_line' id='line_1_4' title="bbox 75 466 1083 553; baseline -0.001 -20"><span class='ocrx_word' id='word_1_22' title='bbox 75 468 103 533; x_wconf 89' lang='lat' dir='ltr'><strong>si</strong></span> <span class='ocrx_word' id='word_1_23' title='bbox 129 473 363 553; x_wconf 77' lang='lat' dir='ltr'><strong>transponatur</strong></span> <span class='ocrx_word' id='word_1_24' title='bbox 392 491 413 552; x_wconf 74' lang='lat'><em>9</em></span> <span class='ocrx_word' id='word_1_25' title='bbox 446 490 543 553; x_wconf 92' lang='lat' dir='ltr'><strong>super</strong></span> <span class='ocrx_word' id='word_1_26' title='bbox 570 467 682 533; x_wconf 88' lang='lat' dir='ltr'><strong>oirouli</strong></span> <span class='ocrx_word' id='word_1_27' title='bbox 710 466 908 551; x_wconf 81' lang='lat' dir='ltr'><strong>periferiam‚</strong></span> <span class='ocrx_word' id='word_1_28' title='bbox 940 466 1083 550; x_wconf 88' lang='lat' dir='ltr'><strong>aequalis</strong></span> 
     </span>
     <span class='ocr_line' id='line_1_5' title="bbox 74 572 1082 660; baseline -0.001 -22"><span class='ocrx_word' id='word_1_29' title='bbox 74 597 201 659; x_wconf 84' lang='lat' dir='ltr'><strong>semper</strong></span> <span class='ocrx_word' id='word_1_30' title='bbox 232 577 275 640; x_wconf 87' lang='lat' dir='ltr'><strong>ob</strong></span> <span class='ocrx_word' id='word_1_31' title='bbox 309 574 486 660; x_wconf 76' lang='lat' dir='ltr'><strong>apparebit.</strong></span> <span class='ocrx_word' id='word_1_32' title='bbox 545 575 607 639; x_wconf 90' lang='lat' dir='ltr'><strong>hoo</strong></span> <span class='ocrx_word' id='word_1_33' title='bbox 643 578 752 638; x_wconf 90' lang='lat' dir='ltr'><strong>autem</strong></span> <span class='ocrx_word' id='word_1_34' title='bbox 783 572 993 637; x_wconf 89' lang='lat' dir='ltr'><strong>manifestum</strong></span> <span class='ocrx_word' id='word_1_35' title='bbox 1025 577 1082 638; x_wconf 87' lang='lat' dir='ltr'><strong>est.</strong></span> 
     </span>
     <span class='ocr_line' id='line_1_6' title="bbox 75 679 1134 765; baseline -0.008 -20"><span class='ocrx_word' id='word_1_36' title='bbox 75 703 186 746; x_wconf 90' lang='lat' dir='ltr'><strong>omnes</strong></span> <span class='ocrx_word' id='word_1_37' title='bbox 218 682 305 746; x_wconf 88' lang='lat' dir='ltr'><strong>emm</strong></span> <span class='ocrx_word' id='word_1_38' title='bbox 334 705 353 746; x_wconf 91' lang='lat' dir='ltr'><strong>a</strong></span> <span class='ocrx_word' id='word_1_39' title='bbox 379 685 500 765; x_wconf 88' lang='lat' dir='ltr'><strong>puncto</strong></span> <span class='ocrx_word' id='word_1_40' title='bbox 526 702 548 763; x_wconf 78' lang='lat' dir='ltr'><strong>p</strong></span> <span class='ocrx_word' id='word_1_41' title='bbox 580 680 620 744; x_wconf 90' lang='lat' dir='ltr'><strong>ad</strong></span> <span class='ocrx_word' id='word_1_42' title='bbox 648 680 690 744; x_wconf 87' lang='lat' dir='ltr'><strong>ob</strong></span> <span class='ocrx_word' id='word_1_43' title='bbox 724 679 905 745; x_wconf 79' lang='lat' dir='ltr'><strong>accidentes</strong></span> <span class='ocrx_word' id='word_1_44' title='bbox 933 679 1015 743; x_wconf 87' lang='lat' dir='ltr'><strong>radii</strong></span> <span class='ocrx_word' id='word_1_45' title='bbox 1043 679 1083 744; x_wconf 86' lang='lat' dir='ltr'><strong>ad</strong></span> <span class='ocrx_word' id='word_1_46' title='bbox 1120 689 1134 737; x_wconf 82' lang='lat'><strong>5</strong></span> 
     </span>
     <span class='ocr_line' id='line_1_7' title="bbox 73 785 1082 874; baseline -0.002 -23"><span class='ocrx_word' id='word_1_47' title='bbox 73 788 222 870; x_wconf 83' lang='lat' dir='ltr'><strong>aequales</strong></span> <span class='ocrx_word' id='word_1_48' title='bbox 247 788 383 874; x_wconf 81' lang='lat' dir='ltr'><strong>angulos</strong></span> <span class='ocrx_word' id='word_1_49' title='bbox 407 788 567 872; x_wconf 81' lang='lat' dir='ltr'><strong>accidunt,</strong></span> <span class='ocrx_word' id='word_1_50' title='bbox 590 786 742 871; x_wconf 90' lang='lat' dir='ltr'><strong>quoniam</strong></span> <span class='ocrx_word' id='word_1_51' title='bbox 766 786 822 869; x_wconf 90' lang='lat' dir='ltr'><strong>qui</strong></span> <span class='ocrx_word' id='word_1_52' title='bbox 845 785 920 850; x_wconf 89' lang='lat' dir='ltr'><strong>adb</strong></span> <span class='ocrx_word' id='word_1_53' title='bbox 945 786 1082 871; x_wconf 83' lang='lat' dir='ltr'><strong>angulus</strong></span> 
     </span>
     <span class='ocr_line' id='line_1_8' title="bbox 72 890 1019 978; baseline -0.002 -21"><span class='ocrx_word' id='word_1_54' title='bbox 72 897 181 958; x_wconf 90' lang='lat' dir='ltr'><strong>reetus</strong></span> <span class='ocrx_word' id='word_1_55' title='bbox 204 901 263 958; x_wconf 89' lang='lat' dir='ltr'><strong>est.</strong></span> <span class='ocrx_word' id='word_1_56' title='bbox 309 893 452 978; x_wconf 90' lang='lat' dir='ltr'><strong>aequalis</strong></span> <span class='ocrx_word' id='word_1_57' title='bbox 476 914 554 978; x_wconf 86' lang='lat' dir='ltr'><strong>ergo</strong></span> <span class='ocrx_word' id='word_1_58' title='bbox 577 914 629 957; x_wconf 88' lang='lat' dir='ltr'><strong>res</strong></span> <span class='ocrx_word' id='word_1_59' title='bbox 653 896 824 975; x_wconf 82' lang='lat' dir='ltr'><strong>conspecta</strong></span> <span class='ocrx_word' id='word_1_60' title='bbox 847 890 1019 955; x_wconf 88' lang='lat' dir='ltr'><strong>uidebitur.</strong></span> 
     </span>
    </p>
   </div>
   <div class='ocr_carea' id='block_1_3' title="bbox 31 1122 1134 2905">
    <p class='ocr_par' dir='ltr' id='par_1_4' title="bbox 31 1122 1134 1526">
     <span class='ocr_line' id='line_1_9' title="bbox 139 1122 1083 1209; baseline -0.001 -22"><span class='ocrx_word' id='word_1_61' title='bbox 139 1123 188 1187; x_wconf 85' lang='lat' dir='ltr'><strong>Re</strong></span> <span class='ocrx_word' id='word_1_62' title='bbox 212 1128 385 1209; x_wconf 89' lang='lat' dir='ltr'><strong>eonspeota</strong></span> <span class='ocrx_word' id='word_1_63' title='bbox 407 1128 570 1207; x_wconf 87' lang='lat' dir='ltr'><strong>manente,</strong></span> <span class='ocrx_word' id='word_1_64' title='bbox 594 1124 688 1188; x_wconf 87' lang='lat' dir='ltr'><strong>oeulo</strong></span> <span class='ocrx_word' id='word_1_65' title='bbox 711 1144 789 1188; x_wconf 90' lang='lat' dir='ltr'><strong>uero</strong></span> <span class='ocrx_word' id='word_1_66' title='bbox 813 1122 1013 1206; x_wconf 89' lang='lat' dir='ltr'><strong>transposito</strong></span> <span class='ocrx_word' id='word_1_67' title='bbox 1037 1142 1083 1186; x_wconf 88' lang='lat' dir='ltr'><strong>se-</strong></span> 
     </span>
     <span class='ocr_line' id='line_1_10' title="bbox 74 1227 1083 1312; baseline -0.003 -19"><span class='ocrx_word' id='word_1_68' title='bbox 74 1230 213 1293; x_wconf 87' lang='lat' dir='ltr'><strong>eundum</strong></span> <span class='ocrx_word' id='word_1_69' title='bbox 227 1234 350 1294; x_wconf 85' lang='lat' dir='ltr'><strong>rectam</strong></span> <span class='ocrx_word' id='word_1_70' title='bbox 363 1231 483 1295; x_wconf 90' lang='lat' dir='ltr'><strong>lineam</strong></span> <span class='ocrx_word' id='word_1_71' title='bbox 498 1229 664 1312; x_wconf 89' lang='lat' dir='ltr'><strong>obliquam</strong></span> <span class='ocrx_word' id='word_1_72' title='bbox 683 1229 723 1293; x_wconf 86' lang='lat' dir='ltr'><strong>ad</strong></span> <span class='ocrx_word' id='word_1_73' title='bbox 738 1232 945 1312; x_wconf 80' lang='lat' dir='ltr'><strong>conspectam</strong></span> <span class='ocrx_word' id='word_1_74' title='bbox 959 1227 1083 1310; x_wconf 88' lang='lat' dir='ltr'><strong>quanti-</strong></span> 
     </span>
     <span class='ocr_line' id='line_1_11' title="bbox 73 1332 1134 1420; baseline -0.006 -22"><span class='ocrx_word' id='word_1_75' title='bbox 73 1338 174 1399; x_wconf 90' lang='lat' dir='ltr'><strong>tatem</strong></span> <span class='ocrx_word' id='word_1_76' title='bbox 198 1336 390 1401; x_wconf 88' lang='lat' dir='ltr'><strong>existentem</strong></span> <span class='ocrx_word' id='word_1_77' title='bbox 413 1335 608 1420; x_wconf 87' lang='lat' dir='ltr'><strong>aliquotiens</strong></span> <span class='ocrx_word' id='word_1_78' title='bbox 633 1333 762 1419; x_wconf 92' lang='lat' dir='ltr'><strong>quidem</strong></span> <span class='ocrx_word' id='word_1_79' title='bbox 785 1333 939 1419; x_wconf 78' lang='lat' dir='ltr'><strong>aequalis,</strong></span> <span class='ocrx_word' id='word_1_80' title='bbox 962 1332 1134 1416; x_wconf 84' lang='lat' dir='ltr'><strong>aliquo-10</strong></span> 
     </span>
     <span class='ocr_line' id='line_1_12' title="bbox 31 1440 933 1526; baseline -0.001 -21"><span class='ocrx_word' id='word_1_81' title='bbox 31 1446 33 1450; x_wconf 68' lang='grc'><strong>”</strong></span> <span class='ocrx_word' id='word_1_82' title='bbox 74 1441 157 1506; x_wconf 87' lang='lat' dir='ltr'><strong>tiens</strong></span> <span class='ocrx_word' id='word_1_83' title='bbox 180 1463 259 1506; x_wconf 90' lang='lat' dir='ltr'><strong>uero</strong></span> <span class='ocrx_word' id='word_1_84' title='bbox 282 1442 461 1526; x_wconf 89' lang='lat' dir='ltr'><strong>inaequalis</strong></span> <span class='ocrx_word' id='word_1_85' title='bbox 484 1465 535 1507; x_wconf 93' lang='lat' dir='ltr'><strong>res</strong></span> <span class='ocrx_word' id='word_1_86' title='bbox 560 1445 734 1524; x_wconf 87' lang='lat' dir='ltr'><strong>eonspeota</strong></span> <span class='ocrx_word' id='word_1_87' title='bbox 756 1440 933 1524; x_wconf 88' lang='lat' dir='ltr'><strong>apparebit.</strong></span> 
     </span>
    </p>

    <p class='ocr_par' dir='ltr' id='par_1_5' title="bbox 73 1545 1084 1741">
     <span class='ocr_line' id='line_1_13' title="bbox 140 1545 1082 1634; baseline -0.002 -22"><span class='ocrx_word' id='word_1_88' title='bbox 140 1552 219 1633; x_wconf 83' lang='lat' dir='ltr'><strong>esto,</strong></span> <span class='ocrx_word' id='word_1_89' title='bbox 242 1549 328 1633; x_wconf 86' lang='lat' dir='ltr'><strong>quod</strong></span> <span class='ocrx_word' id='word_1_90' title='bbox 351 1549 481 1614; x_wconf 89' lang='lat' dir='ltr'><strong>uidetur</strong></span> <span class='ocrx_word' id='word_1_91' title='bbox 500 1548 638 1634; x_wconf 87' lang='lat' dir='ltr'><strong>quidem,</strong></span> <span class='ocrx_word' id='word_1_92' title='bbox 661 1547 713 1630; x_wconf 86' lang='lat' dir='ltr'><strong>ob,</strong></span> <span class='ocrx_word' id='word_1_93' title='bbox 737 1546 849 1613; x_wconf 84' lang='lat' dir='ltr'><strong>oculus</strong></span> <span class='ocrx_word' id='word_1_94' title='bbox 870 1550 978 1610; x_wconf 89' lang='lat' dir='ltr'><strong>autem</strong></span> <span class='ocrx_word' id='word_1_95' title='bbox 998 1545 1041 1609; x_wconf 91' lang='lat' dir='ltr'><strong>sit</strong></span> <span class='ocrx_word' id='word_1_96' title='bbox 1059 1566 1082 1628; x_wconf 87' lang='lat' dir='ltr'><strong>e,</strong></span> 
     </span>
     <span class='ocr_line' id='line_1_14' title="bbox 73 1650 1084 1741; baseline -0.004 -23"><span class='ocrx_word' id='word_1_97' title='bbox 73 1658 162 1719; x_wconf 86' lang='lat' dir='ltr'><strong>reeta</strong></span> <span class='ocrx_word' id='word_1_98' title='bbox 184 1676 261 1719; x_wconf 86' lang='lat' dir='ltr'><strong>uero</strong></span> <span class='ocrx_word' id='word_1_99' title='bbox 286 1656 418 1739; x_wconf 91' lang='lat' dir='ltr'><strong>obliqua</strong></span> <span class='ocrx_word' id='word_1_100' title='bbox 437 1658 493 1741; x_wconf 77' lang='lat' dir='ltr'><strong>pet,</strong></span> <span class='ocrx_word' id='word_1_101' title='bbox 516 1659 548 1720; x_wconf 90' lang='lat' dir='ltr'><strong>et</strong></span> <span class='ocrx_word' id='word_1_102' title='bbox 572 1653 729 1718; x_wconf 82' lang='lat' dir='ltr'><strong>adiciatur</strong></span> <span class='ocrx_word' id='word_1_103' title='bbox 752 1653 782 1716; x_wconf 90' lang='lat' dir='ltr'><strong>ei</strong></span> <span class='ocrx_word' id='word_1_104' title='bbox 805 1674 887 1737; x_wconf 93' lang='lat' dir='ltr'><strong>quae</strong></span> <span class='ocrx_word' id='word_1_105' title='bbox 911 1655 960 1717; x_wconf 90' lang='lat' dir='ltr'><strong>est</strong></span> <span class='ocrx_word' id='word_1_106' title='bbox 983 1651 1027 1715; x_wconf 87' lang='lat' dir='ltr'><strong>ba</strong></span> <span class='ocrx_word' id='word_1_107' title='bbox 1048 1650 1084 1714; x_wconf 93' lang='lat' dir='ltr'><strong>in</strong></span> 
     </span>
    </p>

    <p class='ocr_par' dir='ltr' id='par_1_6' title="bbox 67 1757 1134 2905">
     <span class='ocr_line' id='line_1_15' title="bbox 738 1757 1082 1840; baseline -0.006 -18"><span class='ocrx_word' id='word_1_108' title='bbox 738 1757 859 1822; x_wconf 79' lang='lat' dir='ltr'><strong>directo</strong></span> <span class='ocrx_word' id='word_1_109' title='bbox 883 1779 928 1840; x_wconf 79' lang='lat' dir='ltr'><strong>op</strong></span> <span class='ocrx_word' id='word_1_110' title='bbox 951 1761 983 1821; x_wconf 94' lang='lat' dir='ltr'><strong>et</strong></span> <span class='ocrx_word' id='word_1_111' title='bbox 1007 1779 1082 1821; x_wconf 89' lang='lat' dir='ltr'><strong>oon-</strong></span> 
     </span>
     <span class='ocr_line' id='line_1_16' title="bbox 736 1863 1134 1949; baseline -0.013 -22"><span class='ocrx_word' id='word_1_112' title='bbox 736 1864 890 1949; x_wconf 83' lang='lat' dir='ltr'><strong>iungatur</strong></span> <span class='ocrx_word' id='word_1_113' title='bbox 908 1867 1014 1927; x_wconf 85' lang='lat' dir='ltr'><strong>reatae</strong></span> <span class='ocrx_word' id='word_1_114' title='bbox 1038 1863 1082 1944; x_wconf 79' lang='lat' dir='ltr'><strong>dp</strong></span> <span class='ocrx_word' id='word_1_115' title='bbox 1102 1873 1134 1922; x_wconf 81' lang='lat'><strong>15</strong></span> 
     </span>
     <span class='ocr_line' id='line_1_17' title="bbox 736 1970 1083 2054; baseline -0.003 -21"><span class='ocrx_word' id='word_1_116' title='bbox 736 1970 776 2033; x_wconf 92' lang='lat' dir='ltr'><strong>ad</strong></span> <span class='ocrx_word' id='word_1_117' title='bbox 791 1990 821 2054; x_wconf 77' lang='lat' dir='ltr'><strong>p,</strong></span> <span class='ocrx_word' id='word_1_118' title='bbox 843 1973 876 2033; x_wconf 93' lang='lat' dir='ltr'><strong>et</strong></span> <span class='ocrx_word' id='word_1_119' title='bbox 894 1973 1083 2053; x_wconf 85' lang='lat' dir='ltr'><strong>transpona-</strong></span> 
     </span>
     <span class='ocr_line' id='line_1_18' title="bbox 735 2073 1083 2159; baseline 0.003 -21"><span class='ocrx_word' id='word_1_120' title='bbox 735 2079 789 2138; x_wconf 89' lang='lat' dir='ltr'><strong>tur</strong></span> <span class='ocrx_word' id='word_1_121' title='bbox 822 2074 942 2139; x_wconf 85' lang='lat' dir='ltr'><strong>oeulus.</strong></span> <span class='ocrx_word' id='word_1_122' title='bbox 1001 2073 1083 2159; x_wconf 82' lang='lat' dir='ltr'><strong>dieo,</strong></span> 
     </span>
     <span class='ocr_line' id='line_1_19' title="bbox 755 2181 1068 2266; baseline 0.003 -21"><span class='ocrx_word' id='word_1_123' title='bbox 755 2181 908 2266; x_wconf 91' lang='lat' dir='ltr'><strong>quoniam</strong></span> <span class='ocrx_word' id='word_1_124' title='bbox 943 2181 1068 2265; x_wconf 90' lang='lat' dir='ltr'><strong>aliquo-</strong></span> 
     </span>
     <span class='ocr_line' id='line_1_20' title="bbox 735 2288 1083 2372; baseline 0 -20"><span class='ocrx_word' id='word_1_125' title='bbox 735 2288 820 2353; x_wconf 91' lang='lat' dir='ltr'><strong>tiens</strong></span> <span class='ocrx_word' id='word_1_126' title='bbox 829 2288 958 2371; x_wconf 87' lang='lat' dir='ltr'><strong>quidem</strong></span> <span class='ocrx_word' id='word_1_127' title='bbox 968 2310 1083 2372; x_wconf 90' lang='lat' dir='ltr'><strong>aequa-</strong></span> 
     </span>
     <span class='ocr_line' id='line_1_21' title="bbox 735 2394 1134 2479; baseline -0.01 -21"><span class='ocrx_word' id='word_1_128' title='bbox 735 2395 787 2478; x_wconf 88' lang='lat' dir='ltr'><strong>lis,</strong></span> <span class='ocrx_word' id='word_1_129' title='bbox 800 2394 993 2479; x_wconf 84' lang='lat' dir='ltr'><strong>aliquotiens</strong></span> <span class='ocrx_word' id='word_1_130' title='bbox 1004 2417 1081 2459; x_wconf 91' lang='lat' dir='ltr'><strong>uero</strong></span> <span class='ocrx_word' id='word_1_131' title='bbox 1100 2405 1134 2454; x_wconf 82' lang='lat'><strong>20</strong></span> 
     </span>
     <span class='ocr_line' id='line_1_22' title="bbox 683 2499 1080 2586; baseline 0.003 -23"><span class='ocrx_word' id='word_1_132' title='bbox 683 2583 684 2586; x_wconf 8' lang='grc' dir='ltr'><strong>Ἴ</strong></span> <span class='ocrx_word' id='word_1_133' title='bbox 735 2499 913 2584; x_wconf 88' lang='lat' dir='ltr'><strong>inaequalis</strong></span> <span class='ocrx_word' id='word_1_134' title='bbox 946 2504 1080 2584; x_wconf 89' lang='lat' dir='ltr'><strong>apparet</strong></span> 
     </span>
     <span class='ocr_line' id='line_1_23' title="bbox 69 2606 1079 2691; baseline 0.002 -22"><span class='ocrx_word' id='word_1_135' title='bbox 69 2606 122 2669; x_wconf 85' lang='lat' dir='ltr'><strong>ob.</strong></span> <span class='ocrx_word' id='word_1_136' title='bbox 153 2611 299 2670; x_wconf 87' lang='lat' dir='ltr'><strong>sumatur</strong></span> <span class='ocrx_word' id='word_1_137' title='bbox 313 2608 399 2671; x_wconf 92' lang='lat' dir='ltr'><strong>enim</strong></span> <span class='ocrx_word' id='word_1_138' title='bbox 413 2612 575 2673; x_wconf 85' lang='lat' dir='ltr'><strong>rectarum</strong></span> <span class='ocrx_word' id='word_1_139' title='bbox 590 2606 694 2691; x_wconf 60' lang='lat' dir='ltr'><strong>md</strong></span> <span class='ocrx_word' id='word_1_140' title='bbox 706 2606 812 2671; x_wconf 90' lang='lat' dir='ltr'><strong>media</strong></span> <span class='ocrx_word' id='word_1_141' title='bbox 826 2607 1079 2690; x_wconf 85' lang='lat' dir='ltr'><strong>proportionalis</strong></span> 
     </span>
     <span class='ocr_line' id='line_1_24' title="bbox 67 2712 1080 2803; baseline 0.001 -28"><span class='ocrx_word' id='word_1_142' title='bbox 67 2733 121 2795; x_wconf 79' lang='lat' dir='ltr'><strong>pe,</strong></span> <span class='ocrx_word' id='word_1_143' title='bbox 148 2717 181 2776; x_wconf 89' lang='lat' dir='ltr'><strong>et</strong></span> <span class='ocrx_word' id='word_1_144' title='bbox 204 2712 247 2776; x_wconf 92' lang='lat' dir='ltr'><strong>sit</strong></span> <span class='ocrx_word' id='word_1_145' title='bbox 271 2715 382 2778; x_wconf 86' lang='lat' dir='ltr'><strong>oculus</strong></span> <span class='ocrx_word' id='word_1_146' title='bbox 406 2735 421 2779; x_wconf 88' lang='lat' dir='ltr'><strong>e</strong></span> <span class='ocrx_word' id='word_1_147' title='bbox 448 2719 480 2778; x_wconf 90' lang='lat' dir='ltr'><strong>et</strong></span> <span class='ocrx_word' id='word_1_148' title='bbox 503 2717 765 2803; x_wconf 83' lang='lat' dir='ltr'><strong>transmqueatur</strong></span> <span class='ocrx_word' id='word_1_149' title='bbox 788 2718 821 2777; x_wconf 89' lang='lat' dir='ltr'><strong>et</strong></span> <span class='ocrx_word' id='word_1_150' title='bbox 845 2712 946 2777; x_wconf 86' lang='lat' dir='ltr'><strong>sitin</strong></span> <span class='ocrx_word' id='word_1_151' title='bbox 969 2713 1080 2777; x_wconf 90' lang='lat' dir='ltr'><strong>eadem</strong></span> 
     </span>
     <span class='ocr_line' id='line_1_25' title="bbox 69 2818 1075 2905; baseline 0.002 -25"><span class='ocrx_word' id='word_1_152' title='bbox 69 2821 156 2881; x_wconf 89' lang='lat' dir='ltr'><strong>reeta</strong></span> <span class='ocrx_word' id='word_1_153' title='bbox 174 2820 202 2882; x_wconf 78' lang='lat' dir='ltr'><strong>d.</strong></span> <span class='ocrx_word' id='word_1_154' title='bbox 239 2818 320 2902; x_wconf 82' lang='lat' dir='ltr'><strong>dieo,</strong></span> <span class='ocrx_word' id='word_1_155' title='bbox 344 2821 429 2904; x_wconf 87' lang='lat' dir='ltr'><strong>quod</strong></span> <span class='ocrx_word' id='word_1_156' title='bbox 452 2820 511 2884; x_wconf 89' lang='lat' dir='ltr'><strong>sub</strong></span> <span class='ocrx_word' id='word_1_157' title='bbox 535 2842 559 2905; x_wconf 80' lang='lat' dir='ltr'><strong>e,</strong></span> <span class='ocrx_word' id='word_1_158' title='bbox 577 2822 599 2886; x_wconf 77' lang='lat' dir='ltr'><em>d</em></span> <span class='ocrx_word' id='word_1_159' title='bbox 620 2820 727 2884; x_wconf 91' lang='lat' dir='ltr'><strong>uisum</strong></span> <span class='ocrx_word' id='word_1_160' title='bbox 744 2820 913 2904; x_wconf 91' lang='lat' dir='ltr'><strong>inaequale</strong></span> <span class='ocrx_word' id='word_1_161' title='bbox 933 2823 1075 2904; x_wconf 91' lang='lat' dir='ltr'><strong>apparet.</strong></span> 
     </span>
    </p>
   </div>
   <div class='ocr_carea' id='block_1_4' title="bbox 72 2961 285 2971">
    <p class='ocr_par' dir='ltr' id='par_1_7' title="bbox 72 2961 285 2971">
     <span class='ocr_line' id='line_1_26' title="bbox 72 2961 285 2971; baseline 0.009 -3"><span class='ocrx_word' id='word_1_162' title='bbox 72 2961 285 2971; x_wconf 77' lang='lat'><strong>——-.—</strong></span> 
     </span>
    </p>
   </div>
   <div class='ocr_carea' id='block_1_5' title="bbox 69 3030 1076 3186">
    <p class='ocr_par' dir='ltr' id='par_1_8' title="bbox 69 3030 1076 3186">
     <span class='ocr_line' id='line_1_27' title="bbox 141 3030 1076 3117; baseline 0.001 -19"><span class='ocrx_word' id='word_1_163' title='bbox 141 3051 164 3099; x_wconf 82' lang='lat' dir='ltr'><strong>e.</strong></span> <span class='ocrx_word' id='word_1_164' title='bbox 185 3045 245 3117; x_wconf 79' lang='lat' dir='ltr'><strong>qu]</strong></span> <span class='ocrx_word' id='word_1_165' title='bbox 263 3030 292 3114; x_wconf 78' lang='lat' dir='ltr'><strong>g¹</strong></span> <span class='ocrx_word' id='word_1_166' title='bbox 309 3047 347 3101; x_wconf 86' lang='lat' dir='ltr'><strong>n.</strong></span> <span class='ocrx_word' id='word_1_167' title='bbox 405 3048 432 3117; x_wconf 78' lang='lat' dir='ltr'><strong>a]</strong></span> <span class='ocrx_word' id='word_1_168' title='bbox 451 3065 505 3102; x_wconf 63' lang='lat' dir='ltr'><strong>ras.</strong></span> <span class='ocrx_word' id='word_1_169' title='bbox 524 3053 540 3101; x_wconf 88' lang='lat'><strong><em>1</em></strong></span> <span class='ocrx_word' id='word_1_170' title='bbox 560 3049 611 3102; x_wconf 82' lang='lat' dir='ltr'><strong>aa</strong></span> <span class='ocrx_word' id='word_1_171' title='bbox 631 3049 668 3102; x_wconf 89' lang='lat' dir='ltr'><strong>n.</strong></span> <span class='ocrx_word' id='word_1_172' title='bbox 733 3052 774 3102; x_wconf 84' lang='lat'><strong>13.</strong></span> <span class='ocrx_word' id='word_1_173' title='bbox 795 3046 908 3116; x_wconf 68' lang='lat' dir='ltr'><strong>unque</strong></span> <span class='ocrx_word' id='word_1_174' title='bbox 928 3034 969 3100; x_wconf 70' lang='lat' dir='ltr'><strong>nl</strong></span> <span class='ocrx_word' id='word_1_175' title='bbox 1026 3045 1076 3116; x_wconf 74' lang='lat' dir='ltr'><strong>aa]</strong></span> 
     </span>
     <span class='ocr_line' id='line_1_28' title="bbox 69 3118 368 3186; baseline 0.003 -16"><span class='ocrx_word' id='word_1_176' title='bbox 69 3131 221 3186; x_wconf 78' lang='lat' dir='ltr'><strong>suprascr.</strong></span> <span class='ocrx_word' id='word_1_177' title='bbox 241 3135 275 3172; x_wconf 84' lang='lat' dir='ltr'><strong>m.</strong></span> <span class='ocrx_word' id='word_1_178' title='bbox 295 3122 311 3171; x_wconf 92' lang='lat'><strong><em>1</em></strong></span> <span class='ocrx_word' id='word_1_179' title='bbox 330 3118 368 3172; x_wconf 89' lang='lat' dir='ltr'><strong>D.</strong></span> 
     </span>
    </p>
   </div>
   <div class='ocr_carea' id='block_1_6' title="bbox 69 3243 228 3253">
    <p class='ocr_par' dir='ltr' id='par_1_9' title="bbox 69 3243 228 3253">
     <span class='ocr_line' id='line_1_29' title="bbox 69 3243 228 3253; baseline 0.006 -1"><span class='ocrx_word' id='word_1_180' title='bbox 69 3243 228 3253; x_wconf 47' lang='lat'><strong>*—</strong></span> 
     </span>
    </p>
   </div>
   <div class='ocr_carea' id='block_1_7' title="bbox 70 3325 1067 3526">
    <p class='ocr_par' dir='ltr' id='par_1_10' title="bbox 70 3325 1067 3526">
     <span class='ocr_line' id='line_1_30' title="bbox 104 3325 1067 3402; baseline -0.002 -20"><span class='ocrx_word' id='word_1_181' title='bbox 104 3325 148 3400; x_wconf 71' lang='grc' dir='ltr'><strong>ἃεΊ</strong></span> <span class='ocrx_word' id='word_1_182' title='bbox 168 3325 199 3382; x_wconf 69' lang='grc' dir='ltr'><strong>δὲ</strong></span> <span class='ocrx_word' id='word_1_183' title='bbox 215 3328 281 3384; x_wconf 75' lang='grc' dir='ltr'><strong>ἔστω</strong></span> <span class='ocrx_word' id='word_1_184' title='bbox 295 3330 392 3384; x_wconf 83' lang='lat' dir='ltr'><strong>Vatv.</strong></span> <span class='ocrx_word' id='word_1_185' title='bbox 466 3335 508 3384; x_wconf 79' lang='grc'><strong>20.</strong></span> <span class='ocrx_word' id='word_1_186' title='bbox 530 3332 586 3402; x_wconf 85' lang='grc' dir='ltr'><strong>ΓΑ]</strong></span> <span class='ocrx_word' id='word_1_187' title='bbox 601 3337 691 3400; x_wconf 75' lang='lat' dir='ltr'><strong>ARV,</strong></span> <span class='ocrx_word' id='word_1_188' title='bbox 710 3335 766 3385; x_wconf 86' lang='grc' dir='ltr'><strong>ΑΓ</strong></span> <span class='ocrx_word' id='word_1_189' title='bbox 780 3331 844 3384; x_wconf 89' lang='lat' dir='ltr'><strong>Vat.</strong></span> <span class='ocrx_word' id='word_1_190' title='bbox 918 3334 959 3382; x_wconf 78' lang='lat'><strong>21.</strong></span> <span class='ocrx_word' id='word_1_191' title='bbox 981 3327 1067 3396; x_wconf 74' lang='grc' dir='ltr'><em>αὐτῆς</em></span> 
     </span>
     <span class='ocr_line' id='line_1_31' title="bbox 70 3398 1062 3526; baseline 0 -74"><span class='ocrx_word' id='word_1_192' title='bbox 70 3399 244 3526; x_wconf 31' lang='lat' dir='ltr'><strong>{biblii</strong></span> <span class='ocrx_word' id='word_1_193' title='bbox 264 3402 339 3473; x_wconf 73' lang='grc' dir='ltr'><strong><em>αὐτῷ</em></strong></span> <span class='ocrx_word' id='word_1_194' title='bbox 358 3419 383 3457; x_wconf 84' lang='lat' dir='ltr'><strong>v.</strong></span> <span class='ocrx_word' id='word_1_195' title='bbox 439 3407 480 3456; x_wconf 77' lang='lat'><strong>23.</strong></span> <span class='ocrx_word' id='word_1_196' title='bbox 500 3402 568 3456; x_wconf 88' lang='lat' dir='ltr'><strong>Post</strong></span> <span class='ocrx_word' id='word_1_197' title='bbox 586 3400 639 3472; x_wconf 75' lang='grc' dir='ltr'><strong>γάρ</strong></span> <span class='ocrx_word' id='word_1_198' title='bbox 658 3419 711 3457; x_wconf 85' lang='lat' dir='ltr'><strong>ras.</strong></span> <span class='ocrx_word' id='word_1_199' title='bbox 727 3408 742 3455; x_wconf 79' lang='lat'><strong>2</strong></span> <span class='ocrx_word' id='word_1_200' title='bbox 757 3400 804 3454; x_wconf 90' lang='lat' dir='ltr'><strong>uel</strong></span> <span class='ocrx_word' id='word_1_201' title='bbox 818 3407 833 3454; x_wconf 87' lang='lat'><strong>3</strong></span> <span class='ocrx_word' id='word_1_202' title='bbox 848 3399 903 3517; x_wconf 80' lang='lat' dir='ltr'><strong>litt.</strong></span> <span class='ocrx_word' id='word_1_203' title='bbox 918 3398 951 3453; x_wconf 88' lang='lat' dir='ltr'><strong>V.</strong></span> <span class='ocrx_word' id='word_1_204' title='bbox 1007 3402 1062 3452; x_wconf 89' lang='grc' dir='ltr'><strong>ΒΓ</strong></span> 
     </span>
    </p>
   </div>
   <div class='ocr_carea' id='block_1_8' title="bbox 0 0 1173 3788">
    <p class='ocr_par' dir='ltr' id='par_1_11' title="bbox 0 0 1173 3788">
     <span class='ocr_line' id='line_1_32' title="bbox 0 0 1173 3788; baseline 0 0"><span class='ocrx_word' id='word_1_205' title='bbox 0 0 1173 3788; x_wconf 95' lang='lat' dir='ltr'><strong> </strong></span> 
     </span>
    </p>
   </div>
  </div>
 </body>
</html>
