2334 3788
417 142 587 194 EUCLIDIS
606 142 746 194 OPTICA.
1067 138 1087 202 9

76 285 126 350 lis.
173 288 252 371 'ergo
276 286 338 368 bey
361 285 481 371 angulo
503 285 564 350 aab
592 285 730 371 angulus
754 285 857 349 maior
880 290 939 348 est.
984 283 1089 348 maius

77 414 155 478 ergo
178 391 344 456 uidebitur
366 391 411 455 ab
439 413 535 474 quam
558 391 609 474 by.
653 413 783 455 rursum
807 391 958 455 similiter
981 391 1008 455 si
1031 413 1090 475 per

74 502 234 584 punctum
249 520 271 580 9
288 501 396 562 reatae
414 499 455 562 de
472 497 629 581 parallela
644 497 789 582 dueatur,
806 498 911 562 maius
925 498 1090 562 uidebitur

75 605 117 688 by
141 627 239 688 quam
258 606 314 687 qd.

142 799 304 884 Aequales
346 799 544 883 quantitates
585 797 800 883 inaequaliter
841 799 999 863 distantes
1040 799 1090 862 in-
1126 808 1142 858 5

77 906 229 991 aequales
248 909 405 990 apparent
429 910 462 969 et
480 906 584 970 maior
605 927 732 988 semper
749 905 963 989 propinquius
980 905 1090 971 iacens

76 1014 179 1079 ocule.

144 1119 211 1183 sint
243 1120 324 1183 duae
358 1119 508 1201 aequales
536 1118 778 1203 magnitudines
805 1119 862 1202 ab,
882 1121 945 1204 qd,
977 1119 1089 1184 oculus

76 1247 155 1289 uero
180 1225 223 1289 sit
246 1246 274 1309 e,
301 1248 321 1288 a
344 1247 408 1309 quo
430 1224 645 1308 inaequaliter
667 1223 802 1307 distent,
831 1225 937 1309 sitque
959 1225 1091 1311 propin-

78 1331 175 1416 quius
198 1331 250 1394 ab.
292 1331 378 1414 dieo,
408 1332 493 1414 quod
521 1331 626 1394 maius
653 1331 823 1415 apparebit
845 1332 896 1396 ab.
943 1333 1090 1397 accidant
1109 1341 1143 1390 10

79 1438 167 1502 enirn
193 1437 277 1500 radii
304 1458 358 1522 ea,
380 1438 416 1501 eb
450 1442 482 1501 et
510 1459 549 1520 ep
578 1442 610 1501 et
637 1439 686 1502 ed.
741 1438 895 1521 quoniam
922 1461 1000 1525 ergo
1029 1441 1088 1504 sub

78 1542 257 1607 maioribus
282 1543 409 1627 angulis
433 1543 504 1608 uisa
527 1543 652 1607 maiora
671 1549 837 1630 apparent,
859 1545 962 1610 maior
981 1550 1089 1610 autem

79 1650 218 1734 angulus
251 1650 314 1714 aab
351 1671 447 1732 quam
476 1650 556 1734 ped,
592 1650 697 1714 maius
735 1672 812 1736 ergo
845 1652 1015 1735 apparebit
1046 1653 1089 1716 ab

78 1778 175 1840 quam
195 1757 249 1838 qd.

145 1948 410 2034 Aequidistantia
428 1950 609 2034 spatiorum
628 1972 645 2014 e
669 1951 824 2016 distantia
845 1952 918 2016 uisa
934 1952 1089 2038 inaequa-
1109 1963 1141 2014 15

78 2057 120 2121 lis
144 2055 378 2142 magnitudinis
401 2060 566 2139 apparent.

599 2165 665 2229 sint
678 2166 759 2229 duae
797 2166 945 2231 arallelae
981 2167 1089 2231 nanti-

427 2235 461 2296 F
552 2276 639 2336 tates
671 2273 728 2356 ab,
748 2189 808 2358 pil,
840 2188 1090 2338 oculusqautem

553 2378 597 2443 sit
620 2400 643 2443 e.
690 2379 776 2464 dies,
804 2381 890 2463 quod
915 2381 958 2444 ab
986 2384 1019 2444 et
1044 2381 1092 2461 qd

475 2496 518 2556 K
552 2485 734 2571 inaequalis
774 2486 957 2550 latitudinis
994 2509 1090 2570 appa
1108 2499 1143 2548 20

470 2616 514 2675 11·
553 2596 636 2677 rent,
655 2597 688 2656 et
706 2592 810 2656 maius
826 2592 996 2677 apparebit
1011 2615 1091 2658 sem-

469 2749 503 2804 Δ
553 2698 831 2783 perpropinquius
842 2699 984 2783 spatium
994 2722 1091 2783 quam

555 2805 722 2869 remotius.
772 2806 920 2871 accidant
947 2805 1031 2869 radii
1053 2806 1090 2870 eb

557 2916 591 2975 et
613 2931 650 2976 ea
673 2915 705 2976 et
728 2918 775 2998 et,
798 2912 845 2996 elo,
868 2913 900 2977 el
922 2917 955 2977 et
978 2915 1031 2998 ed,
1059 2917 1091 2977 et

466 2995 483 3012 ⁸
559 3019 798 3105 coniungantur
814 3021 864 3104 bd,
883 3021 926 3105 al,
943 3021 986 3084 tle.
1015 3041 1092 3102 quo·
1110 3031 1143 3080 25

79 3125 171 3190 niam
190 3148 268 3213 ergo
287 3128 390 3192 maior
414 3132 463 3192 est
486 3128 551 3193 bed
577 3127 715 3213 angulus
743 3127 862 3212 angulo
890 3128 956 3209 ael,
988 3126 1092 3190 maior

80 3254 160 3318 ergo
197 3234 242 3298 bd
277 3235 406 3318 quidem
439 3235 525 3299 linea
564 3256 662 3317 quarn
693 3234 727 3298 al
762 3238 904 3321 apparet.
963 3255 1092 3297 rursum

84 3482 88 3490 ,
154 3430 194 3480 16.
218 3425 435 3498 magnitudinis]
458 3444 507 3482 ser.
532 3424 701 3481 latitudinis.
792 3431 839 3481 ab.
867 3427 920 3496 all
941 3443 956 3479 e
978 3441 1051 3478 11111.
1067 3425 1101 3475 Y)

80 3497 102 3565 (l
119 3513 221 3566 semper
238 3514 304 3552 corr.
324 3500 355 3552 aa
370 3500 424 3554 hae
434 3501 539 3572 prop).
