2334 3788
80 108 124 173 26
421 109 591 161 nncmms
610 108 746 162 0ch.

81 253 235 320 ε’λάσσονι
258 257 367 338 μεῖζον
385 254 423 318 τὸ
441 253 731 340 ὐπερφαινόμενον
750 254 914 337 φαίνεται,
936 249 1097 326 ἀπιόντος

82 357 119 426 δὲ
141 364 265 446 μείζονι
289 360 437 445 [μεῖζον]

562 517 613 598 ιζ’.

146 644 228 711 Ὅσα
254 645 407 728 ἀλλήλων
434 642 600 731 ὑπερέχει,
634 642 685 709 ἐπ’
710 644 844 719 εὐθείας
870 652 916 730 τῷ
944 641 1097 707 ἐλάττονι

48 751 216 837 σμενέθει
244 761 304 817 τοῦ
333 754 476 836 ὄμματος
502 754 701 837 προσιόντος
723 774 758 815 τε
784 748 839 815 καί
868 746 1097 834 ἀφισταμένου

82 868 128 947 τῷ
156 865 217 946 ἴσω
250 857 300 924 ἀεὶ
328 858 415 937 δόξει
446 858 484 923 τὸ
511 857 800 943 ὑπερφαινόμενον
833 864 893 920 τοῦ
921 854 1097 931 έλάττονος

82 964 263 1052 ὑπερέχειν.

151 1076 233 1137 έστω
258 1073 320 1137 δύο
343 1074 442 1138 ἀνισα
464 1069 589 1156 μεγέθη
612 1071 653 1134 τά
672 1073 749 1153 ΑΒ,
768 1072 840 1153 ΓΔ,
864 1063 912 1134 ὧν
929 1070 1041 1153 μεῖζον
1059 1067 1097 1131 τὸ

84 1183 160 1262 ΑΒ,
183 1181 271 1264 ὄμμα
294 1175 331 1243 δὲ
354 1181 435 1244 ἔστω
459 1178 496 1242 τὸ
517 1182 544 1241 Ζ
568 1173 617 1241 ἐπ’
639 1175 773 1252 εὐθείας
796 1179 947 1259 κείμενον
970 1183 1016 1261 τῷ
1040 1170 1098 1238 πέ-

32 1303 65 1352 10
84 1309 159 1371 ρατι
173 1294 233 1349 τοῦ
244 1288 305 1349 ΓΔ
319 1283 482 1369 μεγέθους
491 1293 537 1371 τῷ
548 1286 584 1348 Γ.
629 1317 666 1378 Δ

84 1391 184 1474 λέγω,
216 1392 267 1456 ὄτι
294 1401 353 1455 τοῦ
383 1396 410 1455 Ζ
442 1393 586 1475 ὄμματος

83 1501 281 1584 προσιόντος
293 1497 349 1562 καὶ
360 1497 586 1583 ἀφισταμένου

84 1601 135 1670 ἐπ’
161 1604 294 1682 εὐθείας
320 1607 416 1682 ὄντος
447 1615 492 1693 τῷ
525 1613 586 1694 ἴσω

84 1709 172 1789 δόξει
186 1711 452 1798 ὑπερφαίνεσθαι
469 1715 506 1779 τὸ
521 1720 553 1779 Α
558 1718 586 1779 Β

32 1833 65 1883 15
84 1827 145 1883 τοῦ
164 1821 234 1884 ΓΛ.
270 1819 500 1905 προσπιπτέτω
522 1823 586 1908 γὰρ

85 1923 177 2000 ἀκτὶς
196 1926 252 1990 διὰ
272 1935 332 1991 τοῦ
352 1927 421 2011 Γη
442 1933 512 1993 ΖΕ.
549 1931 586 1995 τὸ

85 2034 151 2095 ΑΒ
170 2033 234 2118 ἀρα
252 2043 312 2098 τοῦ
328 2036 389 2098 ΓΛ
406 2034 645 2121 ὐπερφαίνεται
663 2047 708 2125 τῷ
723 2043 798 2102 AE.
828 2037 1097 2120 μετανεκιυησθω

86 2137 127 2220 δὴ
150 2139 187 2202 τὸ
211 2140 298 2222 ὄμμα
320 2138 376 2204 καὶ
399 2144 481 2206 ἔστω
506 2142 661 2230 ἀπωτέρω
690 2142 746 2208 καὶ
774 2147 856 2208 ἔστω
885 2140 935 2208 ἐπ’
962 2142 1099 2218 εὐθείας

85 2244 122 2308 τὸ
139 2247 182 2307 Η.
219 2242 239 2326 ἡ
263 2246 327 2330 ἀρα
350 2244 414 2310 ἀπὸ
437 2256 497 2311 τοῦ
515 2252 555 2312 Η
574 2250 717 2333 ὄμματος
736 2247 827 2325 ἀκτὶς
844 2252 1098 2335 προσπίπτουσα

33 2365 67 2414 20
87 2347 251 2414 ἐλεύσεται
271 2351 327 2415 διὰ
340 2361 400 2416 τοῦ
415 2355 448 2417 Γ
462 2357 598 2437 σημείου
616 2353 672 2419 καὶ
690 2358 989 2441 προσενεχθήσεται
1002 2353 1098 2442 μέχρι
1114 2346 1117 2351 ⁴

85 2465 145 2520 τοῦ
168 2461 200 2520 Ε
226 2461 377 2541 σημείου,
409 2457 465 2523 καὶ
492 2470 537 2547 τῷ
566 2460 655 2549 αὐτῷ
679 2461 946 2548 ὑπερφανήσεται
970 2463 1006 2526 τὸ
1031 2466 1097 2526 ΑΒ

85 2571 145 2626 τοῦ
169 2565 237 2626 ΓΔ.

564 2687 619 2773 ιη’.

158 2811 206 2875 Τὸ
231 2809 335 2876 δοθὲν
356 2813 443 2890 ὕψος
461 2825 598 2896 γνῶναι,
621 2816 761 2896 πηλίκον
780 2813 880 2896 ἐστίν,
903 2812 1000 2895 ἡλίου
1020 2817 1099 2898 φαί-

33 2932 67 2980 25
86 2940 212 2992 νοντος.

152 3027 234 3089 έστω
253 3026 290 3090 τὸ
309 3024 413 3093 δοθὲν
430 3028 516 3104 ὐψος
534 3027 571 3090 τὸ
590 3028 667 3107 AB,
689 3022 744 3089 καὶ
764 3024 842 3089 δέου
861 3025 941 3091 αὐτὸ
960 3037 1098 3110 γνῶναι,

85 3134 226 3216 πηλίκον
249 3131 347 3197 ἐστίν.
393 3137 474 3198 έστω
498 3129 559 3216 μὲν
582 3133 669 3215 ὄμμα
692 3132 728 3196 τὸ
752 3136 798 3214 A,
826 3130 922 3213 ἡλίου
946 3129 983 3196 δὲ
1007 3131 1100 3210 ἀκτίς

158 3402 182 3450 2.
202 3395 306 3468 μεῖζον]
327 3412 379 3449 om.
399 3395 544 3463 Vab.¹mv,
562 3413 598 3448 m.
615 3400 630 3448 2
645 3394 710 3448 Vah.
766 3393 839 3448 Dein
858 3395 922 3449 add.
942 3394 1050 3464 ωὲξῆς
1063 3394 1099 3464 V,

86 3486 121 3522 m.
142 3472 157 3520 2
177 3468 241 3522 Vat.
306 3472 330 3520 3.
351 3466 399 3538 ιζ’]
420 3466 460 3536 ιη’
481 3465 561 3520 codd.
626 3471 650 3520 6.
669 3471 707 3538 τῷ
727 3464 775 3539 ίσιμ
794 3463 855 3536 ἀεί]
875 3465 905 3518 in
923 3471 1098 3521 raS.m.1v.
