2334 3788
328 93 538 145 ormooauu
555 95 737 146 neonusro
757 95 923 148 renerus
1073 92 1135 157 161

190 237 234 302 sit
257 236 343 302 enirn
367 239 428 301 ΓΔ
442 268 485 291 =
500 240 582 320 KA,
613 237 725 303 oculus
756 242 864 302 autem
894 237 937 302 sit
960 241 1002 320 Β,
1031 259 1049 301 a
1073 259 1136 321 quo

120 343 205 409 radii
225 343 375 409 adeidant
388 347 461 428 BA,
474 347 545 430 BA,
558 347 634 429 ΒΚ,
647 347 719 408 ΒΓ.
754 344 866 429 itaque
882 347 942 408 ΓΔ
961 344 1001 408 ab
1017 343 1136 430 angulo

123 451 245 516 maiore
269 450 412 516 cernitur
435 473 532 534 quam
555 454 631 515 KA.
683 472 762 535 ergo
787 453 847 514 ΓΔ
876 450 980 515 maior
1003 450 1137 533 adparet

123 579 222 640 quam
245 560 315 621 KA
338 556 413 641 [def.
432 555 478 640 4].

190 768 426 854 Longitudines
444 769 628 854 parallelae,
649 791 730 855 quae
749 792 766 834 e
781 770 936 834 distantia
951 775 1135 856 cernuntur,

117 874 329 939 latitudinem
351 874 555 959 inaequalem
577 875 696 941 habere
719 876 879 941 uidentur.

189 981 256 1045 sint
279 982 365 1045 enim
387 981 608 1067 longitudines
631 983 804 1066 parallelae
827 987 900 1069 ΒΓ,
918 989 995 1068 AZ,
1021 985 1136 1049 oculus

119 1091 232 1152 autem
255 1086 299 1151 sit
321 1090 361 1150 K.
407 1087 494 1172 dioO,
520 1091 549 1152 Β
556 1091 593 1174 Γ,
611 1094 644 1152 A
651 1094 678 1152 Z
701 1089 908 1154 latitudinem
930 1090 1137 1175 inaequalem

117 1193 241 1257 habere
264 1192 378 1277 uideri,
401 1197 433 1257 et
455 1192 662 1259 latitudinem
685 1195 871 1280 propiorem
890 1218 1017 1280 semper
1035 1197 1135 1262 maio·

120 1321 191 1364 rem
214 1299 369 1382 adparere
392 1299 628 1386 longinquiore.

187 1405 339 1470 adoidant
369 1406 452 1470 radii
484 1407 562 1495 ΚΞ,
584 1412 662 1491 KA,
685 1412 769 1493 KH,
793 1413 872 1495 ΚΝ,
891 1413 971 1497 ΚΒ,
991 1415 1070 1496 ΚΔ,
1102 1417 1135 1477 et

117 1512 280 1578 ducantur
303 1516 410 1577 rectae
434 1513 511 1600 ΞΛ,
530 1508 612 1599 ΠΝ,
631 1519 702 1580 ΒΔ.
747 1516 813 1581 iam
836 1517 990 1600 quoniam
1013 1523 1064 1583 est

394 1659 417 1715 Δ
644 1629 664 1698 L
680 1623 747 1697 ΞΚ
750 1628 781 1688 A
793 1635 828 1698 >
843 1630 881 1689 Π
882 1628 917 1688 Κ
919 1629 962 1710 Ν,

396 1721 401 1731 ’
468 1729 567 1793 etiam
586 1733 674 1794 reeta
688 1729 752 1803 ΞΛ
771 1730 875 1794 maior
889 1730 1022 1815 adparet
1037 1754 1136 1816 quam

392 1889 429 1945 N
468 1841 549 1900 HN.
596 1836 707 1901 eadem
730 1837 768 1900 de
797 1859 894 1902 eausa
921 1837 1021 1901 etiam
1045 1843 1136 1904 reeta

468 1948 547 2007 HN
558 1941 663 2007 maior
676 1944 809 2026 adparet
822 1948 912 2008 recta
925 1946 996 2007 BA.
1023 1944 1134 2029 itaque

467 2049 687 2135 longitudines
701 2070 768 2113 non
780 2049 846 2113 iam
860 2049 1033 2134 parallelae
1049 2051 1135 2117 uide·

467 2157 598 2242 buntur,
617 2156 673 2221 sed
690 2156 896 2221 latitudinem
918 2156 1134 2224 diminuentes

465 2263 731 2347 inaequalemque
746 2263 912 2328 habentes.
938 2285 1016 2350 ergo
1030 2264 1135 2351 longi·

467 2371 596 2436 tudines
619 2369 806 2456 parallelae,
833 2391 914 2453 quae
938 2392 955 2435 e
979 2371 1135 2437 distantia

467 2482 655 2562 cernuntur,
691 2476 897 2542 latitudinem
930 2477 1134 2562 inaequalem

466 2584 585 2648 habere
608 2585 768 2649 uidentur.

183 2690 232 2754 ita
254 2690 370 2776 igitur,
398 2691 425 2755 si
455 2691 567 2756 oeulus
593 2691 629 2755 in
652 2692 764 2756 eodem
792 2691 889 2775 plano
916 2691 1045 2775 positus
1072 2696 1132 2776 est,

117 2817 181 2880 quo
210 2797 243 2860 id
275 2797 360 2880 quod
389 2797 544 2883 oemitur3
572 2797 623 2862 sin
651 2797 763 2862 ooulus
793 2796 950 2862 eleuatior
978 2801 1041 2881 est,
1068 2797 1147 2863 hoo¹

115 2904 222 2968 modo.
838 2943 841 2949 ·
971 2900 987 2941 ²

184 3009 228 3074 sit
251 3011 338 3075 enim
361 3013 407 3095 Κ,
432 3015 465 3075 et
488 3033 508 3074 a
530 3014 565 3074 K
586 3011 626 3074 ad
648 3010 780 3095 planum
805 3011 974 3075 subiacens
997 3031 1131 3094 perpen-

116 3115 269 3182 dicularis
293 3118 429 3182 dueatur
448 3120 526 3201 ΚΑ,
549 3117 590 3181 ab
610 3121 642 3180 A
665 3120 773 3181 autem
797 3117 837 3180 ad
857 3120 921 3181 ZA
943 3120 1033 3180 recta
1051 3120 1135 3180 AM

116 3227 149 3287 et
174 3224 374 3308 producatur
397 3224 436 3288 ad
462 3228 504 3308 O,
531 3221 613 3287 radii
640 3227 750 3287 autem
773 3222 923 3287 adeidant
947 3225 1026 3307 KB,
1049 3226 1131 3300 KH,

117 3395 170 3433 om.
190 3399 216 3434 v.
307 3387 347 3436 17.
367 3383 459 3450 μεῖζον
477 3399 503 3435 V.
590 3385 631 3435 18.
651 3383 743 3450 μεῖζον
761 3399 786 3435 V.
869 3386 911 3435 22.
931 3377 1085 3449 φαίνονται
1103 3399 1130 3435 v.

155 3456 197 3507 27.
215 3452 286 3506 Post
307 3457 357 3507 ΖΛ
376 3452 440 3507 add.
460 3450 583 3514 κάθετος
599 3471 635 3507 m.
655 3458 671 3506 2
690 3471 715 3508 v.

167 3551 324 3606 nuorraes,
344 3552 394 3593 era.
411 3552 516 3605 nerbag
530 3554 555 3594 a
566 3552 660 3605 nanze.
680 3553 744 3595 un.
950 3544 995 3590 Ἃ
