2334 3788
346 153 502 204 scflomA
520 153 559 203 IN
578 151 810 204 CATOPTRIGA.
1016 147 1079 211 351

70 297 106 362 ἐκ
134 305 193 360 τοῦ
221 295 257 360 ἐν
280 306 325 383 τῷ
349 294 383 377 γ’
402 295 601 359 Εὐκλείδου·
633 294 669 359 ἐν
697 294 806 381 κύκλῳ
835 294 855 377 η
883 289 943 377 μὲν
971 293 1006 357 ἐν
1036 303 1081 382 τῷ

69 405 252 490 ἡμικυκλίῳ
276 400 394 466 καὶτὰ
418 401 490 485 ἑξῆς
513 399 586 487 [HL
610 401 676 484 31].

140 537 188 600 14.
223 539 290 600 Τοῦ
308 536 371 620 γὰρ
391 539 538 619 μείζονος
556 536 721 619 τμήματος
735 534 755 617 ἡ
770 538 883 618 γωνία.
912 533 968 599 καὶ
981 534 1082 599 πάλιν

71 641 129 708 ἐὰν
155 644 217 725 την
245 641 309 706 ἀπὸ
338 651 398 706 τοῦ
425 641 565 726 κέντρου
594 640 808 725 ἐπιζεύξωμεν
836 641 889 706 ἐπὶ
916 642 956 705 τὰ
981 645 1021 725 Γ,
1040 647 1082 725 Α,

67 750 151 814 κατδι
174 749 213 812 τδι
238 749 321 813 αὐτὰ
344 752 443 813 ἐσται.
1119 758 1127 806 ι

140 883 190 947 15.
224 883 272 945 Αί
292 883 356 966 ύρα
381 885 422 964 Ζ,
441 886 481 946 H
503 906 532 966 p.
553 883 632 965 296,
655 881 690 965 5]
701 879 725 968 ¹)
754 882 812 946 ἐδιν
839 883 902 967 γὰρ
932 881 995 946 ἀπὸ
1022 889 1082 945 τοῦ

51 988 209 1073 κέντρου
239 985 292 1052 ἐπὶ
320 989 356 1052 τὸ
385 995 417 1052 Α
446 986 501 1052 καὶ
531 992 563 1053 Γ
590 986 818 1072 ἐπιζεύξωμεν,
851 990 888 1052 αί
912 991 1083 1071 γινόμεναι

70 1097 154 1181 πρὸς
177 1104 221 1182 τῷ
246 1099 278 1158 Α
300 1106 368 1158 τῶν
390 1094 594 1179 ἡμικυκλίων
618 1095 680 1159 δύο
704 1098 832 1177 γωνίαι,
855 1093 1026 1159 τουτέστιν
1049 1095 1086 1158 αί

71 1205 92 1284 γ
119 1203 185 1285 ἅμα
209 1202 246 1265 αί
266 1205 315 1283 Η,
335 1205 380 1284 Λ,
403 1207 444 1285 Ζ,
472 1213 543 1277 ταῖς
567 1199 756 1284 γινομέναις
782 1201 865 1286 πρὸς
892 1209 937 1286 τῷ
962 1204 994 1265 Γ
1016 1210 1083 1264 τῶν

70 1308 276 1392 ημικυκλίων
304 1309 366 1372 δύο
394 1312 545 1390 γωνίαις,
577 1305 749 1372 τουτέστιν
780 1319 852 1382 ταῖς
879 1304 989 1391 τρισὶν
1017 1307 1082 1390 ἅμα
1102 1318 1127 1367 1(

68 1426 141 1491 ταίς
155 1418 196 1497 Κ,
211 1419 260 1498 Μ,
278 1419 316 1497 Θ,
336 1421 404 1479 ίσαι
423 1417 521 1479 εἰσίν·
545 1409 593 1480 ὧν
612 1416 649 1479 αι’
663 1419 707 1497 Η,
724 1419 751 1478 Ζ
770 1418 914 1498 μείζονες
933 1414 1083 1498 ἐδείχθη-

71 1539 133 1586 σαν
154 1533 222 1585 τῶν
240 1525 281 1603 Κ,
299 1525 340 1584 Θ·
364 1523 461 1604 λοιπη
485 1523 549 1606 ἄρα
571 1521 591 1604 ἡ
610 1524 642 1584 Λ
665 1526 781 1604 λοιπῆς
801 1530 859 1603 της
877 1526 922 1585 Μ
940 1521 1083 1586 ἐλάττων

71 1627 174 1691 ἐστίν·
199 1628 283 1691 ὅπου
307 1629 369 1713 γὰρ
393 1629 430 1692 τὸ
454 1632 577 1712 μεῖζον,
601 1628 670 1693 ἐκεί
690 1630 727 1693 τὸ
752 1632 896 1693 ἔλαττον.

138 1772 187 1835 16.
216 1768 263 1833 Ἡ
278 1767 314 1834 δὲ
332 1775 372 1834 Π
386 1781 443 1854 τῆς
464 1777 491 1835 0
514 1795 544 1856 p.
564 1772 638 1856 298,
658 1773 691 1852 7]
712 1770 770 1835 ε’διν
790 1771 1005 1855 ἐπιζεύξωμεν
1019 1769 1082 1834 ἀπὸ

69 1885 130 1940 τοῦ
153 1874 294 1961 κέντρου
318 1875 370 1941 ἐπὶ
393 1879 432 1940 τὰ
456 1883 502 1960 Α,
523 1880 563 1961 Γ,
595 1877 639 1954 ὡς
662 1877 767 1965 ἐντῷ
792 1879 912 1964 σχολίῳ
936 1886 995 1940 τοῦ
1019 1877 1082 1962 πρὸ
1103 1886 1127 1934 1ε

69 1983 173 2046 αὐτοῦ
197 1981 279 2065 [15].

139 2106 189 2170 17.
225 2107 378 2186 Φανερὸυ
402 2106 441 2171 δέ
462 2131 491 2191 p.
516 2109 591 2192 298,
616 2107 672 2191 13]
701 2107 769 2173 ἐπεὶ
792 2109 856 2193 γὰρ
887 2113 959 2190 ίσης
983 2109 1084 2190 οὔσης

70 2220 128 2294 τῆς
151 2216 219 2275 ΑΘ
242 2222 281 2297 τῇ
307 2216 373 2277 ΓΚ
395 2219 447 2297 ίση
472 2214 606 2298 ἐδείχθη
629 2213 684 2279 καὶ
707 2214 727 2298 ἡ
752 2221 789 2278 Π
808 2225 847 2300 τῇ
874 2220 911 2297 0,
937 2217 1084 2298 μείζονος

70 2314 107 2382 δέ
126 2319 227 2401 οὔσης
246 2327 304 2402 της
318 2324 386 2383 ΛΘ
404 2329 461 2404 τῆς
476 2323 543 2385 ΓΚ
564 2321 712 2386 ἐλάσσων
731 2321 865 2405 ἐδείχθη
885 2320 905 2403 ἡ
922 2326 949 2386 0
968 2330 1026 2404 τῆς
1041 2327 1083 2404 Π,

70 2424 127 2489 ἐὰν
150 2423 170 2508 ἡ
195 2427 385 2510 σύμπτωσις
408 2425 461 2492 ἐπὶ
480 2437 537 2511 της
554 2431 764 2514 περιφερείας
782 2426 915 2510 γένηται
939 2427 983 2504 ὡς
1002 2428 1083 2492 κατδι
1102 2439 1127 2487 2(

69 2533 106 2596 τὸ
131 2537 172 2615 Σ,
198 2539 252 2616 ίση
276 2536 366 2599 ἔσται
390 2533 410 2617 η
436 2539 502 2598 ΣΘ
525 2544 564 2619 τῇ
589 2537 660 2598 ΣΚ
680 2533 700 2615 ἢ
724 2534 868 2599 ἐλάττων
891 2533 911 2615 ἡ
937 2538 1004 2597 ΣΘ
1027 2543 1083 2617 τῆς

117 2795 284 2919 2961)7Huc
317 2796 435 2850 refertur
462 2797 492 2850 in
520 2796 581 2866 Vq,
620 2798 669 2851 sed
695 2797 820 2866 pertinet
852 2796 889 2850 ad
916 2795 998 2864 λοιπὴ
1027 2794 1082 2863 ἄρα

69 2883 96 2934 p.
171 2909 177 2934 ‚
216 2908 221 2919 .

143 3120 183 3169 14.
203 3114 294 3184 V(q¹).
369 3114 512 3186 τινα).
588 3122 627 3171 16.
648 3116 739 3185 V(q¹).
815 3113 953 3182 17.V(q).

143 3369 165 3418 1.
185 3363 216 3434 η]
236 3380 303 3417 corr.
324 3380 358 3417 ex
377 3364 402 3418 εἰ
419 3383 455 3418 m.
476 3371 491 3417 2
510 3364 543 3419 V.
609 3364 639 3420 ἐν
654 3365 749 3436 (tert.)]
770 3373 782 3418 ε
801 3364 834 3418 V.
908 3369 932 3418 3.
952 3360 1083 3431 μείζονος

69 3433 103 3489 V.
184 3440 209 3489 4.
229 3432 356 3507 κέντρου]
381 3454 405 3489 ιε
424 3435 457 3505 V,
487 3444 518 3492 s?
541 3454 578 3490 m.
598 3442 621 3490 2.
714 3442 737 3490 7.
762 3434 923 3505 γεινόμεναι
942 3434 975 3490 V.
1057 3441 1080 3489 9.

70 3506 106 3577 Λ]
125 3511 147 3560 Α
166 3505 198 3560 V.
273 3504 448 3576 γεινομέναις
466 3507 499 3561 V.
