2334 3788
425 107 596 175 nucnmrs
614 106 753 161 orrrcn.
1055 105 1096 168 17

82 250 189 315 maior
215 250 384 335 proportio
416 272 514 334 quam
540 251 593 315 iet
618 250 755 336 angulus
784 251 824 314 ad
851 255 906 316 aet
932 251 1097 337 angulum.

82 361 116 421 et
145 378 185 420 ex
213 357 332 442 angulo
361 357 491 440 quidem
514 359 566 422 iet
591 356 695 422 maior
719 358 779 442 qd,
811 379 850 421 ex
874 357 994 443 angulo
1018 378 1096 421 uero

81 467 139 528 ret
159 467 248 527 reeta
271 463 378 528 minor
400 464 452 528 ab.
493 484 560 527 non
583 485 661 549 ergo
685 463 847 527 distantiis
870 463 1096 548 proportiona-

82 569 159 633 liter
182 569 334 633 uidentur
357 570 598 656 magnitudines
623 569 782 654 aequales.

149 711 372 797 Rectangulae
400 712 641 797 magnitudines
670 735 687 777 e
716 712 871 777 distantia
898 713 987 777 uisae
1014 713 1097 796 peri·
1133 722 1150 769 5

80 817 184 882 feriae
209 822 374 902 apparent.

135 928 221 988 'esto
255 924 341 988 enirn
373 924 600 1009 reetangulum
632 925 674 1006 bp
710 925 850 989 existens
883 924 1047 989 eleuatum
1079 947 1097 989 e

84 1030 242 1094 distantia
268 1030 384 1094 uisum.
430 1030 532 1114 igitur
560 1031 713 1114 quoniam
736 1019 987 1115 unumquodque
1012 1031 1098 1096 uiso·

83 1159 157 1200 rum
176 1136 275 1201 habet
297 1137 535 1222 longitudinem
555 1137 736 1216 distantiae,
761 1160 823 1221 qua
841 1139 928 1203 faeta
946 1159 1013 1202 non
1030 1139 1097 1202 iam

83 1243 227 1328 uidetur,
255 1244 393 1329 angulus
414 1266 436 1327 9
461 1245 591 1328 quidem
614 1265 681 1307 non
702 1243 844 1329 uidetur,
871 1250 992 1329 puncta
1014 1267 1093 1310 uero
1117 1260 1150 1308 10

82 1351 112 1432 d,
131 1371 149 1414 1
171 1353 301 1413 tantum
324 1355 490 1434 apparent.
527 1350 678 1414 similiter
701 1354 734 1414 et
755 1350 791 1414 in
813 1373 1007 1436 unoquoque
1025 1353 1097 1418 reli—

84 1477 224 1539 quorum
247 1457 441 1541 angulorum
464 1457 526 1521 hoe
550 1455 727 1541 continget.
773 1478 871 1539 quare
889 1463 997 1523 toturn
1014 1459 1097 1544 peri-

82 1561 195 1646 fer[ia]
219 1563 396 1646 apparebit.

151 1702 219 1769 Sub
248 1705 341 1770 oculo
369 1705 546 1769 iacentium
572 1705 745 1789 planorum
768 1706 944 1788 remotiora
967 1708 1096 1790 quidem

83 1810 262 1875 eleuatiora
286 1815 451 1894 apparent.
1116 1827 1149 1876 15

151 1920 221 1981 esto
247 1916 359 1982 oculus
383 1939 404 1981 ο
431 1917 589 1981 eleuatior
611 1917 719 1982 iacens
745 1941 841 2002 quam
864 1920 963 2004 bedp,
991 1924 1024 1984 et
1047 1943 1097 1986 1ο-

83 2008 194 2088 eidant
212 2022 295 2086 radii
317 2022 369 2105 ab,
392 2043 442 2106 ue,
465 2024 519 2106 ud,
541 2043 594 2106 up,
618 2043 755 2104 quorum
773 2023 816 2087 ab
839 2028 928 2087 reeta
947 2024 1096 2090 cathetus

85 2134 155 2194 esto
180 2151 275 2213 super
299 2128 468 2193 subiacens
487 2127 628 2211 planum.
666 2128 747 2213 dice,
770 2130 856 2212 quod
871 2132 920 2212 qd
941 2134 1097 2214 quamde

84 2235 244 2300 eleuatius
268 2239 411 2319 apparet,
435 2235 491 2298 sed
514 2239 547 2299 et
569 2236 611 2299 de
633 2256 731 2318 quam
754 2236 799 2300 be.
837 2241 984 2301 sumatur
1006 2238 1041 2301 in
1059 2239 1097 2303 be

84 2345 243 2425 punctum
265 2362 294 2424 1,
323 2345 356 2405 et
382 2340 532 2405 trahatur
556 2341 830 2425 perpendicularis
854 2345 896 2408 ai.
943 2345 1096 2427 quoniam
1115 2359 1150 2407 20

84 2448 175 2512 uisus
198 2448 340 2532 primum
364 2447 514 2512 accidunt
533 2448 573 2511 ad
595 2449 631 2512 11
654 2470 751 2531 quam
770 2449 810 2512 ad
832 2469 888 2533 19,
909 2450 1034 2515 aecidat
1057 2452 1097 2532 ei,

158 2662 199 2713 12.
218 2655 322 2726 perifer
339 2673 390 2726 seq.
409 2673 463 2711 rue.
484 2657 521 2710 D.
595 2661 637 2710 21.
656 2656 787 2728 primum]
807 2674 857 2713 ser.
876 2657 962 2727 prius.

122 2877 146 2925 2.
166 2869 228 2943 μέν]
251 2871 291 2939 po*
315 2871 409 2925 BVat.
492 2877 516 2926 3.
536 2868 677 2942 βλέπεται]
696 2875 789 2940 μεῖζον
808 2873 997 2930 VBVatmu
1071 2882 1095 2930 6.

84 2941 133 3013 θ’]
153 2943 174 2995 ι’
195 2941 275 2996 codd.
358 2948 381 2996 7.
401 2940 605 3011 ἀποστημάτων
623 2961 653 3011 u,
678 2959 766 3013 comp.
785 2944 878 3000 BVat.
959 2946 1096 3014 16111-

85 3031 189 3098 νώνιον
208 3049 234 3084 v.
322 3036 362 3085 10.
383 3029 463 3085 έστως
482 3031 515 3099 V,
536 3030 618 3086 έστώο
636 3031 794 3087 BVat.mv.
882 3040 923 3089 13.
943 3032 1096 3103 γενομένου

84 3100 173 3170 vav,
198 3099 347 3170 γινομένου
366 3101 430 3157 Vat.
512 3107 553 3156 14.
575 3103 615 3173 Γ]
634 3100 687 3171 γάρ
707 3104 767 3171 (per
785 3108 885 3175 comp.)
905 3107 979 3160 PV.
1053 3111 1095 3160 16.

85 3168 150 3243 καί]
169 3172 249 3241 καὶὴ
268 3172 394 3227 Rvetv.
451 3171 568 3228 ἕκαστον
586 3190 622 3242 m,
644 3171 762 3242 ἑκάστην
777 3175 809 3230 V.
866 3182 907 3230 17.
927 3176 1095 3249 φανήσεται]

84 3243 253 3314 συμβήσεται
271 3244 337 3298 Vm.
416 3249 456 3299 18.
477 3245 511 3315 ι’]
531 3244 573 3297 ια’
594 3244 673 3298 codd.
751 3251 793 3300 21.
814 3248 914 3318 ΒΕΓ]
935 3250 1026 3300 ΒΕΝ
1040 3247 1095 3303 Bv.

120 3320 163 3368 22.
182 3312 374 3382 προσπιπτέτω
393 3315 490 3370 Vatv.
567 3314 787 3385 15.1ῆς]1όν,
810 3317 979 3373 vooVatB.
1053 3325 1095 3374 26.

83 3382 170 3456 κατά]
190 3402 243 3440 om.
258 3386 382 3440 BVat.v.
447 3383 573 3457 11111]
594 3403 677 3455 supra
697 3402 747 3440 ser.
763 3395 828 3441 ml
848 3388 882 3455 V,
903 3404 955 3443 om.
970 3388 1095 3443 BVat.v.

121 3455 163 3527 αἱ]
183 3473 251 3511 corr.
272 3473 306 3510 ex
324 3452 376 3511 οὖν
395 3456 459 3512 Vat.
537 3461 580 3513 28.
600 3455 851 3528 speraturiruouo
865 3459 954 3527 tat„
967 3459 1026 3512 ssd
1040 3475 1119 3510 som.

132 3554 281 3606 naereses,
298 3556 613 3614 111111111111111131.
634 3563 694 3605 vu.
947 3552 972 3600 Q
