2334 3788
107 122 173 186 340
502 123 735 176 CATOPTRIGA.

593 335 635 402 λ’.

170 479 224 546 Ἐκ
246 492 314 546 τῶν
332 483 455 545 κοίλων
474 479 643 565 ἐνόπτρων
661 480 744 565 πρὸς
762 479 821 543 τὸν
839 479 935 560 ἥλιον
953 474 1122 542 τεθέντων

106 596 172 674 πῦρ
197 586 374 665 ἐξάπτεται.

173 714 256 776 ἔστω
284 717 398 777 κοῖλον
425 714 586 797 ἐνοπτρον
614 712 651 775 τὸ
676 714 790 793 ΑΒΓ,
819 710 912 792 ἥλιος
940 705 977 773 δὲ
1007 709 1123 792 ὁΕΖ,

71 826 87 874 5
105 817 245 904 κέντρον
268 815 305 882 δὲ
323 827 383 883 τοῦ
402 820 588 903 κατόπτρου
606 818 643 882 τὸ
661 822 699 901 Θ,
722 815 777 881 καὶ
795 816 965 892 ἀπότινος
984 819 1122 900 σημείου

107 934 166 990 τοῦ
191 931 224 990 A
247 923 475 1009 ἐπιζευχθεῖσα
498 921 559 1008 μὲν
582 921 635 989 ἐπὶ
657 926 695 989 τὸ
721 929 750 988 Θ
772 922 910 1008 κέντρον
933 922 953 1005 ἡ
977 928 1047 987 ΛΘ
1074 922 1123 987 ἐ-

106 1033 283 1114 βεβλήσθω
313 1030 367 1096 ε’πὶ
389 1033 426 1096 τὸ
451 1036 494 1115 Β,
526 1029 805 1116 προσπεπτωκέτω
834 1027 871 1094 δὲ
893 1030 914 1113 ἡ
936 1035 970 1093 A
976 1033 1010 1094 Γ
1033 1027 1124 1106 ἀκτὶς

106 1135 163 1201 καῖ
181 1136 423 1202 ’άνακεκῖάσθω
444 1136 497 1202 ἐπὶ
515 1139 552 1202 τὸ
569 1141 609 1202 Κ.
647 1137 933 1220 άνακίασθήσεται
952 1137 994 1220 δὴ
1015 1135 1122 1200 ἐπάνω

106 1252 167 1309 τοῦ
199 1249 227 1308 Θ
254 1243 407 1330 κέντρου·
440 1245 460 1328 ἡ
488 1245 551 1329 γάρ
579 1247 684 1326 γωνία
711 1245 731 1327 ἡ
758 1245 842 1330 πρὸς
868 1253 907 1328 τῇ
930 1245 1123 1329 περιφερείᾳ

55 1360 89 1409 10
107 1349 128 1432 ἡ
148 1355 183 1414 Π
207 1350 355 1417 ἐλάσσων
379 1349 447 1416 ἐστὶ
470 1361 528 1434 τῆς
551 1352 633 1431 πρὸς
655 1361 694 1436 τῇ
717 1353 910 1437 περιφερείᾳ
930 1355 1048 1433 λοιπῆς
1066 1358 1123 1432 τῆς

106 1457 173 1521 ὑπὸ
197 1460 303 1522 ΒΓΔ.
358 1456 413 1523 καὶ
442 1435 523 1522 ἐάτω
552 1457 572 1540 ἡ
597 1462 665 1521 ΑΒ
690 1455 882 1543 περιφέρεια
909 1463 964 1539 ίση
987 1465 1027 1540 τῇ
1051 1458 1122 1537 ΒΓ,

33 1586 36 1591 ·
106 1561 163 1627 καὶ
191 1562 256 1628 άπὸ
283 1574 344 1629 τοῦ
371 1570 404 1629 A
434 1566 516 1647 άλλη
543 1588 593 1641 τις
624 1562 715 1640 άκτὶς
742 1562 971 1650 προσπιπτέτω
999 1562 1020 1645 ἡ
1048 1569 1122 1628 AA.

38 1724 39 1728 ,
67 1696 68 1700 ’
108 1671 259 1755 φανερὸν
286 1667 362 1755 οὖν,
395 1672 445 1736 ὅτι
474 1666 687 1754 ἀνακλωμένη
715 1670 735 1753 ἡ
761 1677 793 1735 Α
799 1677 832 1734 A
860 1669 952 1746 άκτὶς
977 1682 1123 1735 πεσεῖται

54 1823 57 1831 -
108 1774 161 1840 ἐπὶ
184 1778 221 1841 τὸ
245 1781 281 1842 K
305 1778 361 1842 διὰ
388 1779 424 1842 τὸ
456 1784 531 1861 ίσην
554 1773 639 1841 εἶναι
667 1779 728 1860 τὴν
745 1782 817 1858 ΙΑΒ
844 1775 1060 1862 περιφέρειαν
1085 1785 1123 1860 τῇ

56 1894 88 1942 15
108 1887 179 1947 ΒΓ.
227 1884 348 1968 ὁμοίως
370 1881 407 1948 δέ
431 1885 650 1968 δειχθήσεται,
674 1885 724 1948 ὅτι
748 1893 848 1949 πᾶσαι
873 1886 909 1947 αί
930 1883 993 1947 άπὸ
1014 1892 1073 1947 τοῦ
1092 1888 1123 1946 A

109 1993 376 2074 προσπίπτουσαι
403 1993 486 2075 πρὸς
509 1992 545 2055 τὸ
569 1994 731 2074 ένοπτρου
758 1989 812 2054 καὶ
838 1997 910 2066 ῖσας
934 1990 1123 2073 ἀπολαμβά-

109 2113 229 2160 νουσαι
262 2100 308 2174 είς
336 2099 373 2162 τὸ
402 2077 482 2161 αὐτὸ
511 2106 755 2181 συμπεσοῦνται
789 2106 828 2182 τῇ
856 2101 924 2160 ΒΘ
956 2096 1124 2180 άνώτερον

108 2212 167 2267 τοῦ
193 2208 230 2267 Θ.

176 2329 258 2390 ἔστω
283 2326 384 2391 πάλιν
407 2334 520 2392 κοῖλον
543 2331 705 2412 ένοπτρον
728 2328 764 2391 τὸ
789 2330 903 2409 ΑΒΓ,
930 2328 1024 2409 ἥλιος
1047 2323 1084 2390 δέ
1107 2326 1123 2390 ὁ

57 2443 91 2491 20
109 2440 142 2497 A
148 2438 222 2516 EZ,
243 2432 298 2497 καὶ
318 2433 381 2498 άπό
401 2458 490 2509 τινος
509 2437 645 2517 σημείου
665 2442 724 2496 τοῦ
739 2437 770 2496 Β
787 2434 843 2496 διά
861 2442 921 2497 τοῦ
939 2438 967 2497 Θ
985 2432 1124 2518 κέντρου

109 2543 193 2604 έστω
213 2539 357 2622 ἡΕΘΒ,
380 2539 434 2603 καὶ
454 2538 509 2603 ἀπ’
526 2542 637 2605 ἄλλων
656 2538 741 2623 [διὰ]
760 2549 827 2603 τῶν
845 2545 887 2622 Δ,
908 2544 935 2602 Ζ
959 2541 996 2604 αι’
1014 2545 1047 2604 A
1054 2542 1125 2621 ΘΓ,

112 2650 215 2709 ΖΘΑ.
249 2646 374 2710 οὐκοῦν
388 2647 655 2731 προάεὸείχαμεν,
675 2647 724 2711 ὅτι
744 2647 782 2709 αῖ
796 2645 859 2710 άπὸ
874 2655 933 2709 τοῦ
948 2650 980 2708 E
997 2645 1126 2720 ἀκτῖνες

110 2758 356 2835 συμπεσοῦνται
385 2754 431 2828 είς
457 2750 574 2829 ἑαυτὰς
603 2755 658 2816 διὰ
686 2753 744 2827 τὰς
773 2757 820 2835 Π,
844 2756 874 2814 Ρ
902 2755 1026 2833 γωνίας
1054 2759 1126 2827 ῖσας

111 2860 225 2934 οὔσας·
249 2859 418 2944 διάμετροι
442 2860 504 2944 γάρ
529 2862 627 2923 είσιν·
652 2861 689 2923 αί
710 2856 746 2922 δὲ
771 2858 833 2922 άπὸ
857 2868 917 2923 τοῦ
938 2863 964 2921 Ζ
988 2860 1046 2923 διὰ
1069 2862 1126 2934 τάς

185 3126 208 3177 1.
233 3122 273 3193 λ’]
297 3123 327 3192 μ’
347 3123 411 3189 Vv,
439 3123 482 3192 λβ’
502 3141 538 3176 m.
631 3130 655 3176 7.
679 3120 909 3191 προσπεπτωκέτο
933 3140 958 3177 v,
1053 3122 1125 3192 ΔΓ]

113 3197 203 3246 ΑΓΚ
223 3192 256 3246 V.
347 3200 370 3248 8.
396 3194 444 3265 δή]
468 3190 500 3247 δέ
518 3194 554 3247 Μ.
647 3199 688 3247 10.
713 3193 832 3248 ἐλάττων
851 3194 887 3247 M.
976 3191 1051 3248 ἐστίν
1070 3193 1126 3247 Vv.

149 3265 290 3336 τῆς(Ρε.)]
310 3275 342 3337 τῇ
361 3266 393 3321 V.
485 3273 533 3335 τῆς
551 3268 649 3335 λοιπῆς
667 3273 716 3334 τῆς
733 3265 765 3320 V.
858 3271 898 3318 13.
924 3265 993 3336 AA]
1017 3271 1071 3318 AA
1090 3283 1127 3318 m.

149 3337 285 3407 πεσεῖται]
306 3347 502 3405 προσπεσεῖται
521 3337 557 3392 Μ.
632 3341 672 3391 16.
694 3333 806 3407 ὁμοίως]
828 3338 851 3394 Θ
872 3335 905 3389 V.
983 3343 1024 3390 16.
1045 3335 1127 3408 πρός]

113 3408 225 3469 άιιτῖνες
244 3407 314 3474 πρός
331 3427 367 3463 m.
446 3408 507 3470 ίσας
524 3406 704 3477 περιφερείας
722 3404 973 3477 ἀπολαμβάνουσαι
992 3405 1128 3476 ἐκατέρο-

114 3482 169 3531 θεν
189 3487 237 3531 τοῦ
258 3483 279 3530 Β
298 3498 333 3532 m.
425 3485 466 3533 17.
491 3479 577 3550 αὐτό]
603 3497 655 3534 om.
675 3480 705 3531 M
728 3479 779 3533 lac.
799 3477 848 3532 rel.
941 3484 982 3533 19.
1003 3480 1054 3547 μα’
1071 3479 1127 3548 Vv‚
