2334 3788
93 139 157 204 238
303 140 512 193 omcossnm
530 140 708 194 ωτοεωειο
727 139 893 192 νεοοαιε.

577 361 620 401 ν.

156 461 232 527 Ἐάν
255 485 357 527 τινων
380 459 574 546 φερομένων
595 464 760 527 πλειόνων
782 461 886 549 ἀνίσῳ
910 461 1000 545 τάχει
1024 479 1108 546 συμ-

93 568 322 655 παραφέρηται
355 566 407 633 έπί
434 568 474 632 τά
501 569 585 633 αὐτὰ
616 566 672 632 καὶ
699 569 736 633 τὸ
764 570 867 659 ὄμμα,
898 568 939 632 τά
965 564 1028 652 μὲν
1060 577 1107 655 τῷ

93 679 212 761 ὄμματι
238 678 396 759 ἰσοταχῶς
423 677 589 760 φερόμενα
614 674 702 753 δόξει
726 673 874 758 έστάναι,
902 675 941 739 τά
965 671 1001 738 δὲ
1024 677 1108 759 βρα-

58 783 234 868 σδύτερον
261 783 309 857 είς
335 781 533 846 τούναντίον
560 781 739 867 φέρεσθαι,
771 782 811 845 τά
839 777 876 845 δὲ
902 787 1040 845 θᾶττον·
1060 782 1108 857 είς

92 890 132 953 τά
154 890 395 974 προηγούμενα.

158 993 313 1080 φερέσθω
328 996 390 1079 νάρ
406 993 509 1082 ἀνίσῳ
524 994 614 1079 τάχει
627 996 818 1078 τάΒ,Γ,Δ,
874 981 914 1048 Β
964 983 1002 1048 Γ
1070 983 1105 1047 Α

92 1099 147 1166 καὶ
169 1102 359 1187 βραδύτατα
381 1097 442 1185 μὲν
469 1099 623 1186 φερέσθω
647 1103 683 1166 τὸ
708 1106 751 1185 Β,
781 1102 817 1166 τὸ

92 1204 129 1272 δὲ
153 1210 185 1272 Γ
204 1210 362 1291 ἰσοταχῶς
384 1216 430 1295 τῷ
454 1210 488 1270 Κ
508 1209 642 1292 ὄμματι,
670 1209 706 1273 τὸ
730 1204 767 1273 δὲ
784 1214 817 1271 Δ

40 1331 73 1378 10
92 1321 217 1379 θᾶττον
240 1323 299 1378 τοῦ
324 1317 360 1397 Γ,
391 1313 454 1378 ἀπὸ
478 1311 514 1378 δὲ
537 1324 597 1379 τοῦ
620 1317 655 1378 Κ
675 1316 818 1399 ὄμματος

91 1418 385 1505 προσπιπτέτωσαν
415 1420 543 1496 ἀκτῖνες
575 1422 612 1485 αί
637 1424 718 1505 ΚΒ,
743 1424 817 1504 ΚΓ,

92 1529 170 1590 ΚΔ.
221 1526 344 1590 οὐκοῦν
377 1535 438 1590 τοῦ
472 1529 615 1611 ὄμματος
647 1545 817 1613 σνμπαρα-
975 1545 1025 1612 K

93 1630 278 1718 φερομένου
302 1643 372 1708 τοῖς
389 1637 429 1714 Β,
450 1636 485 1716 Γ,
504 1639 537 1696 Δ
560 1636 596 1698 τὸ
615 1630 675 1719 μὲν
691 1637 723 1699 Γ
735 1635 817 1698 κατὰ

93 1740 154 1822 τὴν
178 1742 245 1803 ΓΚ
272 1737 323 1803 ἀεὶ
350 1741 535 1825 φερόμενον
562 1738 695 1805 ἑστάναι
718 1739 820 1823 δόξει,
849 1741 886 1804 τὸ
911 1737 946 1804 δὲ
969 1745 997 1804 Β
1022 1741 1106 1806 ὑπο-

40 1862 73 1909 15
93 1848 289 1930 λειπόμενον
315 1848 361 1922 είς
388 1846 585 1911 τούναντίον
615 1845 702 1925 δόξει
730 1845 907 1932 φέρεσθαι,
934 1848 972 1911 τὸ
1001 1845 1037 1911 δὲ
1060 1854 1106 1931 Δ,

93 1951 161 2016 ἐπεὶ
189 1959 315 2017 θᾶττον
342 1962 401 2017 τοῦ
431 1957 463 2017 Γ
486 1952 634 2038 φέρεται,
664 1952 752 2031 δόξει
780 1955 827 2029 είς
854 1954 1105 2039 τοῦμπροσθεν·

91 2064 206 2123 πλεῖον
229 2060 292 2145 γὰρ
317 2058 380 2124 ἀπὸ
404 2068 464 2124 τοῦ
489 2062 521 2124 Γ
539 2059 766 2142 ἀποστήσεται.

566 2289 631 2354 να’.

157 2410 233 2476 Ἐἀν
256 2436 358 2477 τινων
381 2413 573 2500 φερομένων
596 2415 814 2498 διαφαίνηταί
834 2436 867 2477 τι
893 2415 936 2497 μὴ
963 2416 1106 2498 φερόμε-

40 2533 73 2582 20
91 2543 167 2602 νον,
191 2517 278 2596 δόξει
302 2521 338 2583 τὸ
361 2523 404 2605 μὴ
429 2523 613 2606 φερόμενον
636 2523 683 2596 είς
705 2519 903 2584 τούναντίον
927 2516 1104 2604 φέρεσθαι.

159 2624 314 2711 φερέσθω
338 2629 400 2712 νάρ
424 2628 463 2690 τά
485 2631 529 2709 Β,
548 2633 596 2710 Δ,
625 2625 747 2711 μενέτω
771 2622 807 2690 δὲ
833 2627 870 2690 τὸ
894 2627 930 2708 Γ,
958 2622 1014 2689 καὶ
1038 2625 1104 2690 ἀπὸ

93 2741 152 2796 τοῦ
178 2737 205 2796 Ζ
229 2735 372 2816 ὄμματος
396 2731 688 2817 προσπιπτέτωσαν
716 2731 844 2808 ἀκτῖνες
872 2733 909 2796 αί
933 2736 1010 2815 ΖΒ,
1030 2736 1104 2816 ΖΓ,

94 2841 165 2902 ΖΔ.
202 2839 325 2903 οὐκοῦν
348 2840 384 2902 τὸ
408 2835 468 2921 μὲν
486 2843 515 2902 Β
539 2842 724 2925 φερόμενον
747 2842 858 2922 ἔννεον
878 2841 967 2902 ἔσται
985 2847 1047 2903 τοῦ
1067 2843 1104 2922 Γ,

92 2945 129 3008 τὸ
162 2941 199 3008 δὲ
225 2950 258 3007 Δ
286 2944 482 3030 ἀποχωροῦν
509 2947 728 3032 πορρώτερον.
783 2947 866 3011 ὥστε
893 2943 980 3021 δόξει
1007 2947 1045 3009 τὸ
1077 2949 1110 3010 Γ

39 3062 72 3110 25
92 3052 139 3126 είς
161 3051 358 3116 τούναντίον
381 3049 552 3136 φέρεσθαι.

164 3283 186 3330 1.
207 3277 248 3347 ν’]
268 3276 316 3344 νη’
330 3294 362 3344 p3
386 3277 476 3347 νζἺί,
497 3297 533 3333 m.
554 3286 568 3332 1
588 3299 618 3346 νς
642 3281 689 3335 νδ’
704 3298 740 3334 m.
760 3287 776 3333 Β
796 3298 821 3335 v.
912 3286 936 3335 2.
957 3297 1104 3348 συμπαρα-

93 3345 220 3418 φέρειται
238 3365 263 3415 v,
286 3363 353 3401 corr.
373 3365 409 3403 m.
430 3354 453 3402 1.
539 3355 562 3404 3.
582 3350 625 3422 τό]
645 3368 713 3405 corr.
734 3367 767 3404 ex
785 3355 822 3423 τῷ
840 3351 873 3405 V.
956 3353 1005 3423 τῷ]
1024 3350 1055 3405 τό
1076 3370 1102 3407 v.

126 3425 150 3473 4.
171 3417 321 3487 φερόμενοι
340 3418 373 3488 V,
394 3419 443 3472 sed
462 3436 528 3475 corr.
602 3428 626 3476 ὅ.
647 3421 802 3490 φαίρεσθαι
820 3440 845 3476 v,
917 3427 940 3477 9.
961 3422 1104 3493 ἰσοταχῶς

52 3489 191 3574 Ιιἤματί
207 3505 274 3545 σοιν.
290 3507 327 3545 m.
341 3495 363 3546 1.
420 3497 462 3546 11.
483 3492 548 3564 KB]
568 3497 695 3560 BKseq.
710 3493 789 3547 lac.1
810 3493 865 3549 litt.
885 3511 910 3547 v.
968 3499 1010 3547 14.
1031 3494 1101 3566 ΓΚ]
