2334 3788
82 138 147 203 268
500 140 656 192 SOHOLIA

149 285 202 348 42.
230 284 299 348 Διά
321 285 359 349 τὸ
383 283 594 369 παράλληλον
612 306 643 365 p.
665 282 738 368 182,
756 281 791 365 6]
815 281 1030 367 παράλληλος
1044 281 1099 344 διὰ

83 398 143 454 τοῦ
166 387 220 473 κη’
239 399 299 454 τοῦ
323 388 356 454 α’
375 402 443 454 τῶν
465 393 656 473 Στοιχείων.

150 532 201 596 43.
231 529 331 616 ’Ἁπερ
357 529 389 608 ἐξ
413 531 557 613 ἀνάγκης
579 541 723 615 φυσικῆς
750 528 803 595 ἐπὶ
826 540 893 594 τῶν
916 527 1099 614 ὁρωμένων

84 640 226 719 γίνεται,
253 644 356 701 ταῦτα
383 634 438 700 καὶ
466 634 511 700 δι’
537 635 736 713 ἀποδείξεων
763 637 996 701 πιστώσασθαι
1019 639 1098 719 βου-

50 758 65 803 5
86 745 223 826 λύμενος
241 742 258 807 ὁ
274 741 458 827 γεωμέτρης
471 752 539 806 τῶν
552 742 778 827 θεωρημάτων
796 743 1016 826 παραμυθίας
1034 741 1096 806 άπὸ

84 860 152 913 τῶν
169 859 331 934 γραμμῶν
352 851 475 932 κομίζει
497 849 640 924 κύκλους
658 847 862 934 ἀναγράφων
883 846 919 912 έν
937 859 1012 924 ταῖς
1033 848 1097 913 άπὸ

84 966 152 1019 τῶν
171 955 326 1040 ὀμμάτων
350 953 635 1039 άποπεμπομέναις
658 953 787 1019 άκτϊσιν
809 952 865 1018 καλ
883 951 1023 1018 ε’πίπεδα
1041 956 1097 1019 διά

84 1073 151 1126 τῶν
179 1059 289 1139 ὄψεων
317 1061 485 1144 ἐκβάλλων
512 1058 567 1125 καὶ
595 1059 689 1146 ἕτερα
715 1069 851 1124 τοιαῦτα
879 1071 1003 1145 ποιῶν,
1037 1063 1097 1146 οὐχ

85 1167 150 1249 ὅτι,
181 1175 284 1230 ταῦτα
312 1163 371 1251 μὲν
400 1165 457 1231 ἐὰν
479 1164 628 1250 γένηται,
660 1169 750 1232 ἔσται
779 1166 907 1251 άληθης
933 1167 954 1251 ἡ
982 1169 1096 1234 τοιάδε

33 1288 66 1336 10
85 1273 189 1337 αὐτοῦ
212 1276 379 1358 πρότασις,
402 1270 457 1336 καὶ
479 1270 558 1337 καθ’
579 1271 619 1337 ὃν
642 1273 741 1348 αὐτός
761 1289 844 1358 φησι
866 1275 993 1358 τρόπον
1011 1282 1097 1339 θεω-

85 1380 225 1464 ρήσουσι
247 1381 285 1443 τὸ
304 1380 435 1443 τοιόνδε
454 1389 560 1462 σχῆμα
579 1380 616 1443 αί
631 1377 734 1462 ὄψεις,
758 1378 816 1444 ε’άν
834 1376 871 1443 δὲ
888 1381 932 1464 μὴ
951 1379 1097 1464 γένηται,

84 1487 221 1568 ψευδής·
245 1480 265 1567 ἦ
289 1485 352 1570 γάρ
376 1487 427 1568 άν,
451 1488 482 1549 εί
503 1495 601 1550 τοῦτο
624 1485 730 1562 ούτως
753 1481 849 1569 εἶχεν,
873 1485 909 1550 έν
931 1495 971 1572 τῇ
994 1493 1097 1552 πιθα-

85 1594 198 1674 νότητι
230 1602 297 1655 τῶν
324 1589 524 1669 άποδειἙεων
554 1594 657 1655 ἔκειτο
690 1591 732 1656 άν
764 1592 784 1676 ἡ
811 1593 939 1656 τούτων
967 1593 1098 1679 εὕρεσις

85 1699 199 1781 μόνον,
224 1695 295 1761 άλλ’
318 1697 379 1762 οὐκ
403 1697 438 1762 έν
461 1709 500 1784 τῇ
524 1700 624 1782 φύσει
646 1709 713 1762 τῶν
732 1696 919 1783 ὁρωμένων,
941 1697 998 1762 καὶ
1017 1723 1096 1785 γρα-

33 1818 66 1866 15
85 1802 241 1888 φομένων
269 1801 329 1889 μὲν
356 1815 423 1868 τῶν
452 1806 584 1869 κύκλων
611 1804 631 1887 ἢ
659 1814 726 1868 τῶν
750 1803 913 1868 ἐπιπέδων
941 1803 1097 1888 ἐκβαλλο-

84 1910 194 1995 μένων
218 1908 341 1995 έωράτο
360 1909 403 1975 άν
420 1912 457 1975 τὸ
477 1911 656 1996 δρώμενον,
681 1910 725 1985 ὡς
744 1910 761 1975 ὁ
780 1910 963 1993 Εὐκλείδης
981 1916 1097 1995 φησίν,

84 2019 128 2101 μὴ
152 2015 337 2101 γινομένων
361 2013 397 2080 δὲ
420 2018 549 2082 τούτων
576 2017 638 2080 οὐκ
665 2015 707 2080 άν
731 2015 905 2102 έθεωρείτο
931 2027 1098 2101 τοιοῦτον,

85 2124 130 2199 ὡς
153 2118 237 2187 εἶναι
266 2128 391 2206 μᾶλλον
419 2123 500 2188 αὐτὸ
529 2124 584 2188 διδι
611 2125 672 2206 τὴν
695 2121 863 2200 ἀπόδειξιν
891 2124 997 2200 οὕτως
1021 2127 1099 2208 ε”ηον

84 2228 105 2312 ἢ
129 2230 185 2293 διά
208 2230 268 2312 τὴν
292 2231 403 2313 φύσιν.
450 2231 486 2294 τὸ
516 2227 552 2293 δέ
580 2229 641 2313 οὐχ
665 2229 770 2305 οὕτως
797 2233 876 2313 ἔχει,
905 2228 987 2295 άλλδι
1016 2230 1097 2316 ὅπερ

32 2348 66 2396 20
86 2333 118 2412 έξ
133 2333 277 2418 άνάγκης
295 2345 438 2420 φυσικῆς
457 2339 631 2420 συμβαίνει
645 2336 783 2419 πάσχειν
798 2348 870 2411 ταῖς
883 2333 980 2413 ὄψεσι
993 2354 1097 2421 προσ-

85 2442 285 2524 βαλλούσαις
312 2451 357 2529 τῷ
386 2444 504 2530 τοιῷδε
531 2445 670 2527 σχήματι
701 2435 773 2506 οἷον
805 2442 1051 2526 κυλινδροειδεῐ
1075 2442 1096 2525 ἢ

85 2548 257 2612 κωνοειδεί
287 2547 307 2630 ἢ
340 2549 548 2632 σφαιροειδεῖ
582 2546 634 2613 έπλ
670 2546 771 2613 πλέον
803 2546 1044 2631 άφισταμέναις
1076 2548 1097 2632 ἢ

85 2654 378 2739 προσεγγιζούσαις
414 2654 518 2741 αὐτῷ,
558 2663 657 2718 τοῦτο
698 2655 739 2737 δὴ
776 2657 979 2738 βουλόμενος
1016 2654 1096 2719 άπο-

86 2761 250 2825 δεικνύειν
270 2757 287 2823 δ
307 2759 491 2846 γεωμέτρης
508 2767 754 2845 παραμυθεῖται
772 2763 833 2844 τὴν
853 2758 1022 2838 ἀπόδειξιν
1039 2762 1095 2825 διά

102 3063 115 3114 t
134 2995 199 3114 2112.
219 2987 310 3040 Fvat.
370 2992 412 3040 43.
431 2986 471 3040 V²
489 2987 526 3039 ad
539 3005 617 3056 prop.
629 2993 671 3057 24,
690 3006 709 3056 p
723 2987 753 3040 in
767 2989 847 3041 textu
861 2987 935 3041 inter
947 3005 1046 3056 propp.
1062 2994 1095 3042 23

86 3075 101 3114 e
170 3102 175 3114 .

158 3278 180 3325 1.
204 3268 394 3342 παράλληλος]
415 3288 468 3325 om.
488 3270 517 3324 F.
607 3277 630 3324 2.
655 3270 702 3339 κη’
724 3303 757 3310 -
782 3267 945 3341 Στοιχείων]
969 3270 1019 3324 κα’
1040 3280 1095 3326 τῶν

86 3339 240 3398 Εὐκλείδου
259 3340 288 3394 F.
353 3347 377 3395 4.
396 3340 530 3410 γίνωνται
547 3360 574 3410 p.
629 3341 810 3414 βουλόμενος]
830 3341 959 3413 βούλεται
977 3360 1004 3410 p.
1070 3347 1094 3395 5.

84 3423 140 3470 τῶν
159 3409 361 3483 θεωρημάτων]
381 3429 534 3481 suprascr.
554 3413 588 3467 V.
649 3420 672 3467 6.
692 3412 811 3481 κομίζων
829 3431 855 3481 p.
913 3417 935 3466 7.
956 3413 1049 3467 ἀκτῖσι
1067 3431 1094 3483 p.

120 3489 162 3540 13,
182 3483 299 3557 τούτων]
318 3493 373 3539 τῶν
390 3483 523 3538 τοιούτων
542 3502 569 3554 p.
642 3490 684 3538 20.
704 3485 926 3555 προοβαλούοαις
942 3502 969 3552 p.
