2334 3788
82 131 127 195 42
424 135 594 187 EUCLIDIS
613 136 750 190 OPI'ICA.

149 279 230 341 ἔστω
254 288 395 363 σφαῖρα,
417 272 457 360 ἡς
479 277 618 364 κέντρον
641 280 678 343 τὸ
701 285 748 363 Α,
771 276 827 344 καὶ
849 281 1032 366 γεγράφθω
1057 281 1096 347 έν

81 394 121 469 τὴ
144 389 271 471 σφαίρᾳ
292 381 368 469 περὶ
386 382 525 470 κέντρον
542 386 580 450 τὸ
599 391 631 450 Α
653 386 773 462 κύκλος
791 386 809 452 ὁ
829 389 901 471 ΒΓ,
922 385 980 452 καὶ
997 389 1094 472 ἤχθω

82 490 255 577 διάμετρος
278 490 382 555 αὐτοῦ
405 490 425 574 ἡ
449 494 526 574 ΒΓ,
554 488 610 556 καὶ
632 493 793 576 ἡχθωσαν
820 491 884 557 ἀπὸ
911 505 979 558 τῶν
1001 499 1041 577 Β,
1066 498 1100 560 Γ

80 598 164 682 πρὸς
187 596 294 683 ὀρθάς
319 598 357 661 αί

45 707 155 786 ιΒΛ,
171 706 243 788 PE,
262 713 301 788 τῇ
316 700 352 767 οε
484 684 523 744 1'
1044 711 1083 772 π

81 811 154 873 ευ
184 810 351 895 mm,-
528 757 1040 973 -

82 920 139 992 λος
153 918 234 980 ἔστω
249 914 352 998 ἡΛΒ,
1051 939 1080 998 γ

83 1020 136 1107 ἐφ’
161 1016 201 1104 ἡς
226 1024 351 1086 κείσθω
497 968 1039 1176 ,-

81 1129 121 1192 τά
153 1131 282 1212 ὄμματα
312 1129 352 1192 τά
465 1185 503 1244 B
1041 1152 1077 1210 Δ

29 1250 63 1300 10
80 1240 128 1319 Α,
155 1241 194 1299 Ε.
257 1234 352 1319 λέγω,

81 1342 131 1406 ὅτι
150 1343 187 1406 τὸ
210 1340 428 1428 ἡμισφαίριον
452 1344 530 1408 ὅλον
553 1343 746 1428 ὀφθήσεται.
782 1345 876 1428 ἡχθω
901 1345 958 1408 διὰ
980 1353 1040 1409 τοῦ
1059 1351 1094 1409 Α

81 1446 217 1534 ἑκατέρᾳ
240 1458 308 1512 τῶν
330 1451 402 1532 ΒΛ,
422 1451 485 1512 ΓΒ
510 1449 719 1534 παράλληλος
740 1447 761 1531 ἡ
784 1455 817 1513 Α
824 1453 864 1513 Ζ·
896 1451 933 1514 τὸ
957 1454 1057 1514 ΑΒΔ
1064 1455 1091 1514 Ζ

81 1555 145 1639 ἄρα
172 1557 515 1640 παραλληλόγραμμόν
543 1554 641 1620 ἐστιν.
688 1555 746 1620 ἐὰν
774 1556 815 1639 δὴ
843 1557 1007 1639 μενούσης
1033 1566 1093 1640 τῆς

80 1664 147 1724 ΑΖ
165 1657 377 1746 περιενεχθὲν
395 1663 443 1737 είς
460 1663 497 1725 τὸ
517 1660 598 1725 αὐτὸ
611 1661 712 1726 πάλιν
726 1661 991 1747 ἀποκατασταθῇ,
1008 1663 1092 1728 ὅθεν

27 1779 61 1829 15
80 1765 200 1853 ἡρξατο
227 1765 390 1854 φέρεσθαι
418 1768 455 1832 τὸ
482 1765 695 1853 περιενεχθὲν
723 1778 843 1853 σχὴμα,
875 1768 1006 1854 ἄρξεται
1029 1765 1091 1854 μὲν

80 1871 144 1938 ἀπὸ
168 1882 228 1938 τοῦ
251 1878 291 1957 Β,
314 1873 481 1938 ἐλεύσεται
504 1870 541 1938 δὲ
563 1873 618 1939 καλ
642 1873 694 1939 ἐπὶ
717 1875 754 1940 τὸ
778 1878 811 1939 Γ
828 1873 883 1939 καὶ
906 1876 943 1940 τὸ
967 1880 1010 1959 Β,
1034 1875 1090 1940 καὶ

79 1981 116 2044 τὸ
139 1978 344 2066 περιγραφὲν
360 1981 426 2046 ὑπὸ
445 1991 503 2064 τῆς
521 1987 586 2046 ΑΒ
610 1991 717 2066 σχὴμα
735 1982 855 2058 κύκλος
873 1985 974 2066 ἔσται,
997 1983 1034 2059 ὅς
1052 2007 1090 2065 γε

79 2086 135 2149 διά
158 2095 218 2150 τοῦ
241 2086 380 2173 κέντρου
403 2097 461 2171 τὴς
483 2092 627 2174 σφαίρας
650 2087 748 2153 ἐστίν.
785 2087 1003 2175 ἡμισφαίριον
1024 2092 1090 2176 ἄρα

79 2191 263 2276 ὀφθὴσεται
285 2192 351 2257 ὑπὸ
374 2206 441 2258 τῶν
463 2200 506 2277 Δ,
524 2199 556 2259 Β
577 2194 741 2278 ὀμμάτων.

25 2399 60 2448 ιο
551 2387 613 2456 κε’.

143 2510 219 2577 Ἐάν
241 2514 278 2578 τὸ
301 2525 369 2579 τῶν
391 2513 546 2597 ὀμμάτων
569 2513 732 2598 διάστημα
750 2518 860 2597 μεῖζον
877 2510 899 2601 ᾖ
917 2525 975 2599 τῆς
993 2515 1029 2580 ἐν
1048 2527 1087 2601 τῇ

78 2622 205 2705 σφαίρᾳ
228 2617 419 2704 διαμέτρου,
444 2622 554 2702 μεῖζον
576 2629 636 2683 τοῦ
659 2619 877 2705 ἡμισφαιρίου
901 2621 1088 2706 ὀφθήσεται

77 2733 134 2807 τῆς
157 2728 310 2810 σφαίρας.

144 2834 225 2896 ἔστω
250 2843 386 2916 σφαῖρα,
408 2825 448 2913 ἡς
469 2830 608 2917 κέντρον
630 2833 667 2896 τὸ
685 2838 728 2915 Α,
750 2830 806 2896 καὶ
827 2834 1086 2919 περιγεγράφθω

23 2947 58 2996 2⁶
77 2936 152 3023 περὶ
179 2938 318 3023 κέντρον
345 2938 382 3001 τὸ
406 2943 439 3001 Α
465 2939 586 3014 κύκλος
613 2937 631 3002 ὁ
654 2942 806 3023 ΕΘΔΗ,
834 2941 963 3024 ύμματα
986 2936 1023 3005 δὲ
1046 2942 1086 3005 τά

76 3049 120 3128 Β,
144 3048 186 3127 Γ,
217 3041 272 3108 καὶ
304 3046 386 3108 ἔστω
419 3043 456 3107 τὸ
489 3043 652 3127 διάστημα
683 3044 720 3108 τὸ
748 3044 867 3128 μεταξὺ
896 3057 963 3110 τῶν
990 3050 1034 3129 Β,
1059 3048 1091 3110 Γ

77 3153 186 3228 ὄψεων
213 3152 322 3234 μεῖζον
349 3159 406 3232 τῆς
435 3149 471 3214 ἐν
497 3159 536 3233 τὴ
560 3154 686 3238 σφαίρᾳ
708 3150 900 3237 διαμέτρου,
932 3151 988 3217 καὶ
1016 3151 1087 3217 ἐπε-

148 3417 171 3465 1.
205 3420 311 3480 σφαῖρα
352 3408 389 3466 ύα
411 3429 452 3481 m,
480 3415 512 3466 ut
535 3411 612 3468 alibi.
705 3419 728 3467 3.
753 3415 823 3484 ΒΓ]
847 3417 908 3467 ΒΝ
927 3433 953 3468 ι’.
1049 3416 1084 3485 Γ]

72 3486 109 3534 Ν
124 3501 146 3534 ν,
222 3489 245 3536 5.
266 3488 315 3536 ΒΔ
346 3489 372 3537 Δ
389 3482 420 3536 in
437 3500 490 3537 ras.
505 3484 537 3538 V.
610 3489 633 3538 9.
654 3483 744 3553 ύματα
762 3503 787 3538 v.
853 3490 894 3539 13.
913 3484 1086 3555 παραλληλό·
