2334 3788
208 192 210 194 -
280 160 490 213 orricoauu
507 161 685 213 aucausro
705 160 871 213 rnrours.
1017 156 1082 221 219

560 304 669 368 iacens
682 302 955 388 perpendiculare,
970 301 1082 366 oculus

559 415 667 474 autern
700 409 743 473 sit
769 412 809 491 Γ,
842 413 874 472 et
905 391 1083 492 cerer-au,

559 517 648 580 radio
669 519 776 580 autem
792 518 859 579 ΒΓ
874 514 1012 579 circulus
1032 515 1083 578 de-

561 623 721 688 scribatur
749 625 817 687 ΓΔ.
873 621 961 706 dioc,
998 621 1026 684 si
1055 623 1088 685 Γ

558 752 616 815 per
639 729 798 795 ambitum
820 727 931 794 circuli
954 748 1082 790 mouea-

558 841 621 922 tur,
643 841 709 901 AB
733 857 859 921 semper
878 834 1010 919 aequale
1030 833 1083 897 ad·

558 965 680 1027 parere.
725 943 845 1008 etheo
873 940 1082 1005 manifestum

559 1053 622 1135 est,
650 1071 761 1113 omnes
790 1046 875 1112 enim
897 1048 979 1111 radii
1006 1071 1025 1112 a
1053 1051 1085 1113 Γ

558 1159 679 1239 puncto
717 1156 757 1220 ad
786 1161 818 1219 A
825 1158 853 1217 B
896 1154 1079 1218 adcidentes

559 1261 696 1347 angulos
736 1260 884 1344 aequales
926 1260 1082 1346 efficiunt,

70 1363 224 1448 quoniam
248 1369 312 1440 [Β
335 1371 443 1431 rectus
467 1371 524 1431 est.
567 1389 644 1453 ergo
664 1368 750 1451 quod
773 1366 924 1452 cernitur,
947 1367 1079 1451 aequale

70 1470 247 1556 adparebit.

548 1580 600 1644 40.

137 1681 194 1745 Sin
212 1683 412 1769 magnitudo,
434 1705 514 1767 quae
534 1686 685 1771 cernitur,
704 1686 889 1770 adplenum
909 1685 1078 1750 subiacens

70 1788 343 1871 perpendicularis
370 1813 437 1855 non
464 1795 528 1876 est,
559 1814 617 1877 per
647 1791 758 1856 circuli
787 1795 896 1855 autem
920 1791 1078 1856 ambitum

71 1899 231 1982 mouetur,
254 1918 380 1980 semper
403 1896 582 1980 inaequalis
607 1901 764 1962 cernetur.

138 2001 181 2065 sit
217 2002 356 2067 circulus
394 2009 426 2067 A
439 2008 483 2087 Θ,
524 2007 557 2067 et
593 2003 627 2067 in
664 2003 789 2067 ambitu
826 2003 894 2067 eius
933 2007 1079 2067 sumatur

70 2113 227 2192 punctum
250 2116 298 2195 A,
324 2112 358 2174 et
385 2110 426 2173 ad
449 2109 604 2174 circulum
630 2131 697 2173 non
719 2108 992 2194 perpendicularis
1016 2109 1079 2174 eri-

72 2220 168 2301 gatur
190 2220 279 2280 recta
301 2220 381 2299 AZ,
410 2215 521 2280 oculus
546 2219 656 2280 autern
679 2216 722 2280 sit
744 2220 784 2279 E.
829 2215 914 2299 dico,
941 2221 1021 2301 AZ,
1049 2216 1078 2280 si

68 2344 127 2406 per
149 2323 309 2386 ambitum
332 2322 444 2387 circuli
466 2327 649 2407 moueatur,
677 2323 773 2386 modo
796 2322 952 2387 maiorem
980 2323 1077 2387 modo

71 2431 229 2493 minorem
253 2429 415 2513 adparere.

137 2541 193 2600 aut
219 2535 321 2622 igitur
343 2540 410 2599 ΔΖ
438 2534 528 2599 radio
556 2533 660 2599 maior
688 2538 738 2598 est
765 2537 822 2597 aut
850 2534 993 2618 aequalis
1021 2539 1078 2600 aut

69 2641 183 2705 minor.
229 2641 370 2725 primum
395 2641 438 2706 sit
460 2641 577 2727 maior,
607 2645 641 2705 et
661 2663 720 2725 per
742 2645 775 2704 E
801 2645 948 2706 centrum
971 2645 1079 2705 rectae

69 2752 103 2810 A
110 2751 137 2809 Z
159 2746 314 2831 parallela
332 2747 469 2812 ducatur
488 2750 560 2833 ΕΓ,
584 2751 616 2812 et
636 2746 679 2811 sit
698 2749 766 2812 ΕΓ
776 2777 818 2800 =
833 2752 909 2832 AZ,
931 2747 1081 2812 dueatur-

70 2875 132 2936 que
156 2875 175 2916 a
197 2857 318 2936 puncto
341 2856 373 2917 Γ
391 2854 432 2918 ad
453 2853 587 2938 planum
611 2853 781 2918 subiacens
803 2852 1078 2938 perpendicularis

70 2962 152 3043 PH,
181 2980 261 3042 quae
285 2981 359 3023 cum
381 2960 478 3044 plano
500 2960 536 3023 in
558 2963 598 3023 H
622 2964 805 3044 concurrat,
834 2963 867 3023 et
890 2960 986 3025 ducta
1009 2963 1084 3024 EH

68 3066 266 3150 producatur
298 3069 532 3148 concurratque
566 3088 640 3131 cum
672 3066 797 3131 ambitu
824 3065 859 3128 in
886 3069 932 3150 A,
962 3087 1020 3149 per
1047 3070 1080 3130 A

920 3210 1081 3219 ——u--n

70 3290 102 3347 δέ
120 3293 176 3361 Vp.
241 3293 271 3364 ἡ]
291 3292 345 3346 del.
364 3291 475 3362 punctis
494 3311 520 3346 v.
584 3295 677 3360 μεῖζον
696 3311 721 3360 v,
742 3291 791 3346 sed
809 3308 877 3346 corr.
947 3291 1004 3347 ἐστὶ
1020 3292 1079 3362 Vp.

104 3363 134 3435 ἥ]
154 3364 349 3419 add.m.2V.
410 3369 451 3417 19.
471 3366 563 3432 μεῖζον
582 3382 608 3433 v,
628 3364 678 3418 sed
692 3380 760 3417 corr.
823 3368 866 3417 20.
885 3364 950 3435 ΔΖ]
969 3369 1080 3421 mlv.

105 3440 147 3489 21.
166 3437 211 3508 τῇ]
230 3454 266 3490 m.
287 3443 302 3488 2
322 3453 348 3488 ν.
434 3440 475 3489 22.
496 3432 631 3490 ἐπιπέδου
649 3434 683 3504 V,
703 3451 771 3489 corr.
789 3452 826 3489 m.
847 3439 871 3490 1.
957 3439 1004 3489 28.
1021 3433 1085 3486 tace-

70 3505 210 3576 ζευχθῆσα
228 3525 254 3576 v,
274 3507 324 3561 sed
343 3522 411 3562 corr.
1101 3548 1103 3551 .
