2334 3788
106 145 171 209 ‘262
528 146 685 198 scfloffl

106 291 189 355 ὥστε
211 287 266 353 καὶ
290 287 439 372 ε’ναίλοίξ,
463 289 508 365 ὡς
529 290 591 372 τὴν
609 291 676 352 ΒΓ
693 288 777 374 πρὸς
794 288 856 370 τὴν
875 290 951 369 ΘΖ,
975 286 1042 368 τὴν
1060 286 1121 349 ΓΚ

105 397 188 481 πρὸς
210 397 271 479 τὴν
296 399 368 460 ΖΚ.
415 393 487 460 ἀλλ’
513 396 558 471 ὡς
584 394 604 478 ἡ
628 399 696 460 ΒΓ
717 395 801 479 πρὸς
826 394 888 476 τὴν
914 397 996 476 ΘΖ,
1023 388 1117 472 καὶὴ

104 507 172 567 ΔΖ
200 503 283 588 πρὸς
304 503 367 585 τὴν
391 507 467 567 ΘΖ·
501 507 555 584 ίση
579 501 686 587 γὰρὴ
710 505 776 565 ΔΖ
804 509 843 585 τῇ
866 501 939 564 ΒΓ.
989 498 1037 574 ὡς
1058 499 1119 581 ἄρα

107 609 128 691 ἡ
155 613 222 672 ΔΖ
244 609 326 695 πρὸς
348 610 410 692 τὴν
434 612 510 691 ΘΖ,
533 608 640 684 οὕτως
661 606 682 690 ἡ
707 610 773 672 ΓΚ
792 607 875 692 πρὸς
897 606 961 689 τὴν
985 608 1062 669 KZ.

72 747 88 794 ο
174 734 225 796 26.
249 729 304 808 Ὡς
322 734 385 817 γὰρ
405 734 442 797 αί
458 735 586 816 γωνίαι,
606 730 651 796 δι’
668 727 717 797 ὧν
735 728 878 816 ὁρῶνται
896 730 937 794 τό
956 727 1117 814 ὁρώμενα,

106 840 217 921 έχουσι
240 840 323 925 πρὸς
346 838 503 923 ἀλλήλας,
526 839 632 916 οὕτως
654 835 710 903 καὶ
732 838 772 902 τὰ
795 834 948 923 ὁρώμενα
972 837 1032 900 διὰ
1055 847 1118 900 τῶν

106 955 238 1026 γωνιῶν
259 947 342 1032 πρὸς
365 947 489 1028 ἄλληλα
512 947 598 1029 ἔχειν
621 947 808 1028 φαίνονται.
845 943 890 1020 ὡς
912 945 980 1028 ἄρα
1002 943 1117 1008 λοιπὸν

105 1050 125 1134 ἡ
154 1056 221 1115 ΣΡ
249 1055 353 1133 γωνία
381 1054 445 1136 ἔχει
472 1053 555 1138 πρὸς
581 1053 642 1135 τὴν
673 1056 702 1115 Ρ
723 1054 865 1134 γωνίαν,
897 1050 1007 1126 οὕτως
1035 1051 1118 1133 ἔχειν

106 1157 336 1241 φαίνεταικαὶ
359 1159 396 1222 τὸ
419 1164 452 1222 A
460 1163 486 1222 Z
509 1159 591 1243 πρὸς
614 1158 651 1222 τὸ
675 1160 745 1221 ΒΓ.
783 1156 803 1241 ἡ
827 1152 864 1220 δὲ
887 1159 995 1238 γωνία
1018 1155 1039 1240 ἡ
1059 1158 1122 1220 ΣΡ

54 1278 87 1326 10
105 1265 188 1348 πρὸς
210 1265 270 1347 τὴν
289 1268 319 1326 Ρ
337 1268 463 1346 γωνίαν
487 1263 642 1329 ἐλάττονα
666 1266 767 1345 λόγον
789 1266 855 1346 ἔχει
877 1263 961 1345 ἥπερ
981 1263 1020 1327 τὸ
1040 1261 1118 1326 ἀπό

107 1385 212 1453 στημα
234 1370 272 1434 τὸ
295 1374 365 1435 ΚΓ
382 1373 465 1456 πρὸς
487 1372 524 1435 τὸ
548 1374 622 1434 KZ.
662 1368 717 1434 καὶ
739 1371 776 1435 τὸ
795 1375 829 1433 Δ
836 1373 863 1432 Ζ
886 1370 950 1454 ὄρα
974 1369 1060 1453 πρὸς
1082 1368 1117 1431 τὸ

106 1480 174 1541 ΒΓ
192 1478 386 1563 μικρότερον
410 1480 562 1561 φαίνεται
585 1477 674 1562 παρὰ
697 1477 734 1539 τὸ
758 1478 828 1539 ΚΓ
844 1474 927 1559 πρὸς
949 1475 989 1538 τὸ
1014 1477 1088 1537 ΚΖ.

499 1671 551 1736 Ad
573 1694 663 1756 prop.
687 1671 726 1736 X.

174 1797 225 1860 27.
252 1794 373 1879 Ἤχθω
402 1796 464 1880 γὰρ
494 1796 549 1859 διὰ
572 1804 631 1859 τοῦ
654 1799 694 1859 Η
718 1798 853 1879 σημείου
876 1801 916 1877 τῇ
940 1795 1012 1856 ΒΚ
1035 1813 1117 1876 παρ-

54 1915 87 1966 15
106 1899 246 1984 όίληλος
268 1901 288 1984 ἡ
307 1906 385 1965 ΗΒ.
424 1899 492 1965 ἐπεὶ
516 1898 578 1967 οὖν
600 1903 638 1966 αί
659 1900 751 1978 ὄψεις
769 1902 931 1986 πρότερον
953 1899 1040 1981 πρὸς
1058 1899 1118 1980 τὴν

105 2011 177 2071 ΗΕ
205 2011 469 2093 προσπίπτουσιν
501 2009 582 2072 κατὰ
614 2008 654 2072 τὰ
681 2012 730 2090 Η,
750 2012 795 2090 A,
814 2012 859 2070 Μ
885 2015 1003 2088 σημεῖα
1036 2005 1118 2086 ἥπερ

105 2116 187 2199 πρὸς
210 2116 271 2198 τὴν
289 2117 364 2197 ΚΓ,
387 2118 445 2179 καί
466 2114 534 2179 ἐστι
557 2116 797 2199 μετεωρότερον
819 2114 856 2176 τὸ
876 2115 915 2175 Η
933 2119 995 2174 τοῦ
1016 2113 1058 2193 A,
1082 2110 1118 2174 τὸ

107 2216 143 2282 δὲ
171 2224 202 2283 A
233 2230 293 2284 τοῦ
320 2226 373 2304 Μ,
406 2219 460 2285 καὶ
489 2222 544 2285 διὰ
571 2217 631 2303 μέν
659 2229 718 2285 τοῦ
742 2223 781 2282 Η
804 2221 940 2302 σημείου
967 2215 989 2297 ἡ
1015 2218 1124 2281 ΒΗΓ

106 2323 240 2410 φέρεται
264 2326 368 2410 ἀκτίς,
397 2328 452 2391 διὰ
476 2325 513 2391 δὲ
535 2337 594 2391 τοῦ
619 2332 649 2390 A
671 2326 691 2408 ἡ
715 2330 825 2408 BAZ,
854 2325 909 2389 διὰ
933 2319 970 2387 δέ
994 2332 1056 2387 τοῦ
1081 2326 1125 2387 Μ

55 2431 127 2514 νοὴ
151 2435 276 2514 ΒΜΔ,
304 2431 525 2518 μετεωροτέρα
548 2433 567 2516 ἡ
590 2429 651 2516 μὲν
674 2434 741 2495 ΒΓ
761 2440 819 2515 τῆς
842 2434 920 2512 ΒΖ,
948 2429 968 2513 ἡ
993 2425 1031 2493 δέ
1057 2433 1119 2493 ΒΖ

108 2546 165 2620 τῆς
188 2542 259 2601 ΒΛ.

175 2663 225 2726 28.
264 2663 312 2726 Τὸ
341 2661 366 2726 ι’
391 2662 427 2727 ἐν
454 2664 542 2750 ἄλλω
572 2663 689 2738 οὕτως·
722 2665 804 2726 ἔστω
828 2662 891 2746 γὰρ
915 2661 1005 2743 ὄμμα
1028 2660 1067 2723 τὸ
1091 2663 1118 2722 Β

107 2769 176 2831 ὄνω
196 2776 255 2831 τοῦ
271 2772 337 2834 ΓΚ
358 2766 512 2833 ἐπιπέδου
532 2772 692 2852 κείμενον,
716 2766 774 2851 ἀφ’
792 2762 833 2831 οὗ
852 2765 998 2850 ὄμματος
1016 2783 1118 2851 προσ-

106 2872 314 2939 πιπτέτωσαν
337 2874 465 2950 ἀκτῖνες
488 2876 525 2938 αί
545 2876 618 2957 ΒΓ,
636 2878 713 2956 ΒΛ,
732 2876 809 2955 ΒΖ,
831 2875 908 2955 ΒΚ,
935 2866 983 2936 ὧν
1007 2871 1028 2955 ἡ
1052 2875 1121 2936 ΒΚ

55 2995 90 3045 25
108 2981 249 3057 κάθετος
272 2984 353 3045 ε”στω
378 2979 429 3045 ἐπὶ
452 2981 489 3044 τὸ
508 2980 725 3062 ὑποκείμενον
746 2978 911 3043 ε’πίπεόου.
948 2976 1045 3062 λέγω,
1069 2979 1119 3043 ὄτι

89 3089 145 3152 ,τὸ
174 3090 234 3151 ΓΛ
265 3095 324 3151 τοῦ
352 3093 385 3150 A
392 3091 418 3149 Z
450 3087 689 3170 μετεωρότερον
719 3088 887 3169 φαίνεται,
919 3085 956 3148 τὸ
985 3080 1024 3148 δὲ
1052 3089 1118 3148 ΔΖ

108 3208 319 3217 *—

179 3261 462 3330 26.Mvat.1Ru(F).
536 3264 577 3313 νε.
597 3258 743 3327 νεαρ).
817 3263 859 3312 τε.
879 3276 905 3325 q.

118 3364 320 3376 --,..----

180 3428 203 3477 7.
222 3421 332 3492 λοιπόν]
351 3419 434 3489 λόγον
452 3419 539 3474 Καί).
621 3424 644 3473 9.
664 3418 681 3487 ἡ
698 3419 769 3488 (pr.)]
790 3418 815 3471 εἰ
833 3418 919 3472 Vatfl.
1012 3422 1100 3473 10.Ρ

105 3494 137 3544 0
152 3510 178 3549 u.
233 3492 317 3567 ἤπερ]
337 3490 414 3561 είπερ
433 3490 519 3545 vata
585 3495 625 3543 12.
646 3491 714 3560 KZ]
730 3494 784 3543 ΛΖ
802 3508 827 3543 u.
894 3494 934 3543 15.
955 3488 1020 3561 τήν]
1041 3490 1063 3562 γ·
1111 3532 1118 3544 .
