2334 3788
469 139 700 192 CATOPPRICA.
1021 135 1085 201 319

76 282 219 367 refracti,
242 286 390 348 cernatur
414 287 522 346 autem
544 287 625 366 ΛΕ,
650 286 683 346 et
706 304 725 345 a
750 287 778 346 Θ
801 287 911 348 centro
935 282 974 345 ad
997 287 1038 365 A,
1056 287 1088 345 E

77 390 236 454 ducantur
261 393 336 474 ΘΔ,
356 393 433 473 ΘΕ,
458 392 490 452 et
512 388 595 451 radii
617 389 837 472 producantur
859 389 899 452 ad
923 392 962 472 Z,
982 391 1029 471 H,
1053 393 1085 452 et

76 496 213 559 ducatur
234 493 342 580 imago
368 497 443 558 ΖΗ.
489 493 600 578 itaque
622 499 655 558 A
683 493 717 556 in
739 497 788 579 Η,
816 497 847 556 Ε
868 498 976 557 autem
1000 494 1034 556 in
1058 498 1084 556 Z

75 602 216 685 adparet.
249 621 327 686 ergo
345 604 454 684 partes
474 600 604 665 dextrae
624 599 783 685 sinistrae,
806 599 956 665 sinistrae
977 604 1085 664 autem

70 2137 200 2201 dextrae
220 2138 382 2221 adparent.
420 2137 501 2222 dico,
519 2159 589 2202 esse
608 2141 674 2202 ΕΛ
687 2148 722 2210 >
738 2141 768 2201 A
775 2142 809 2201 Z.
842 2137 977 2202 ducatur
991 2138 1077 2202 enim

67 2265 126 2326 per
144 2248 177 2306 A
195 2267 306 2309 arcum
325 2244 516 2330 contingens
536 2248 638 2310 PAK.
670 2245 737 2309 iam
756 2244 907 2328 quoniam
926 2248 996 2329 BA,
1011 2250 1079 2310 ΑΕ

69 2349 109 2412 ad
141 2348 300 2414 ambitum
332 2351 481 2434 aequales
514 2352 650 2437 angulos
688 2351 833 2416 efficiunt
863 2356 997 2434 propter
1028 2374 1075 2417 re-

67 2454 273 2541 fractionem,
303 2459 407 2521 KAP
435 2461 544 2521 autem
571 2457 746 2542 contingit,
778 2461 913 2532 [ΕΑΖ
938 2457 974 2521 in
997 2458 1076 2523 duas

68 2566 176 2644 partes
192 2563 341 2647 aequales
357 2563 480 2628 diuisus
495 2563 565 2628 erit.
598 2568 631 2628 et
650 2567 716 2639 LK
731 2564 867 2628 obtusus
886 2568 943 2628 est.
977 2586 1075 2648 quare

68 2670 182 2740 EX>
196 2672 269 2734 KZ.
325 2670 436 2755 itaque
468 2671 571 2736 multo
604 2671 708 2755 magis
740 2673 853 2743 EA>
869 2673 941 2733 AZ.
997 2693 1074 2756 ergo

66 2772 176 2858 imago
197 2778 269 2838 ZH
287 2775 393 2840 minus
418 2800 437 2841 a
460 2777 591 2861 speculo
615 2776 728 2861 distat3
752 2776 807 2840 sed
828 2777 913 2860 quod
933 2777 1074 2841 cernitur

66 2883 146 2962 EA,
169 2879 273 2944 maius
296 2886 354 2945 est.

542 3043 593 3107 21.

132 3158 172 3224 In
204 3161 343 3245 speculis
377 3164 528 3228 connexis
555 3165 665 3251 imago
693 3163 800 3228 minor
827 3168 877 3227 est
905 3185 956 3249 ec,
989 3165 1072 3248 quod

65 3266 214 3331 cernitur.

130 3373 175 3438 sit
189 3373 275 3438 enim
284 3378 390 3440 ΑΘΓ
402 3375 568 3459 speculum
583 3398 770 3463 connexum,
785 3377 896 3443 oculus
911 3381 1021 3442 autem
1034 3381 1072 3462 Β,

41 3482 98 3543 'et
128 3479 210 3544 radii
236 3485 312 3567 BA,
335 3484 403 3546 ΒΓ
430 3483 470 3547 ad
496 3488 542 3570 A,
566 3488 598 3547 E
626 3482 770 3549 retracti.
817 3484 935 3565 itaque
961 3488 1030 3545 EA
1060 3504 1089 3541 a
