2334 3788
298 123 508 176 orrrooaun
525 124 703 176 uncnusm
721 124 888 178 1111161111.
1035 121 1099 186 175

158 265 202 330 sit
224 269 288 330 ΒΖ
301 275 337 339 >
353 269 428 352 ΘΚ,
450 271 484 331 61
506 266 600 333 oculo
624 270 656 331 Λ
677 267 763 331 infra
781 267 889 353 posito
908 267 1017 333 radius
1036 271 1068 332 A
1073 270 1106 331 Γ

87 394 146 456 per
172 377 200 437 Θ
222 372 357 438 adcidat.
394 373 504 456 iaque
523 377 587 437 BZ
610 373 870 459 magnitudinem
889 377 957 438 ΘΚ
976 374 1099 458 magni-

684 538 689 548 .
722 481 834 545 tudine
859 483 928 544 ΒΓ
947 481 1098 546 excedere

721 587 858 652 uidetur.
900 585 966 651 iam
986 586 1098 651 oculus

723 698 754 759 Λ
768 694 809 758 ad
822 698 862 758 N
874 691 1099 777 transferatur,

722 805 755 866 et
772 823 830 885 per
852 804 881 864 Θ
905 794 1033 865 adcidat
1051 822 1098 863 ra-

721 907 793 971 dius
808 911 888 971 NA.
913 929 1025 972 rursus
1039 905 1098 991 igi-

721 1018 775 1077 tur
805 1017 871 1077 ΒΖ
903 1013 1099 1100 magnitudi-

637 1171 675 1228 Ν
720 1142 795 1185 nem
832 1123 905 1185 ΘΚ
938 1119 1098 1205 magnitu-

721 1227 794 1292 dine
834 1231 907 1292 BA
946 1228 1097 1293 excedere

86 1333 225 1398 uidetur.
287 1356 364 1421 ergo
398 1334 491 1400 oculo
521 1335 799 1420 adpropinquante
828 1333 1019 1420 magnitudo
1048 1356 1098 1398 ex-

86 1440 201 1505 cedens
221 1444 285 1505 ΒΖ
303 1441 410 1506 minus
430 1442 580 1507 excedere
599 1442 727 1507 uidetur
745 1440 1003 1527 magnitudinem
1025 1444 1098 1525 ΘΚ,

86 1546 255 1611 recedente
278 1569 356 1612 uero
379 1549 495 1633 magis.

99 1149 439 1233 ΖΕΑ

566 1726 616 1791 17.

154 1846 425 1934 Magnitudinum,
449 1871 530 1932 quae
556 1848 650 1914 oculo
673 1847 708 1912 in
731 1814 842 1913 eadem
866 1851 955 1913 recta
977 1847 1097 1932 posito,

88 1953 124 2018 in
153 1976 216 2038 qua
243 1959 293 2019 est
320 1955 511 2040 magnitudo
535 1955 655 2038 minor,
681 1954 768 2018 inter
796 1977 829 2018 se
853 1954 1024 2039 excedunt,
1046 1975 1098 2017 ex-

88 2061 214 2147 cedens,
238 2060 306 2125 siue
331 2061 570 2147 adpropinquat
594 2061 662 2126 siue
683 2060 805 2125 recedit
828 2060 950 2146 oculus,
971 2081 1098 2144 semper

87 2167 200 2232 eodem
224 2166 330 2251 spatio
354 2165 513 2231 minorem
536 2168 687 2232 excedere
710 2165 883 2231 uidebitur,

154 2274 286 2338 excedat
309 2273 395 2338 enim
414 2278 478 2338 BA
500 2273 757 2360 magnitudinem
782 2277 856 2337 ΘΗ
873 2272 1096 2358 magnitudine

86 2382 166 2464 ΒΓ,
198 2384 231 2444 61
259 2381 356 2446 ducta
384 2383 447 2444 ΓΘ
477 2381 688 2466 producatur,
722 2379 834 2445 oculus
868 2383 976 2443 autem
1005 2378 1040 2442 in
1069 2382 1096 2442 Z

85 2486 213 2569 positus
233 2487 285 2552 sit.
316 2487 427 2572 itaque
445 2487 555 2552 radius
571 2510 589 2552 a
604 2491 632 2552 Z
651 2486 800 2551 adcidens
814 2508 873 2572 per
887 2489 954 2550 ΖΓ
966 2485 1096 2550 feretur.

87 2591 153 2655 iam
181 2614 293 2691 rursus
322 2594 434 2659 oculus
462 2595 502 2659 ad
525 2597 559 2658 K
583 2593 805 2659 transferatur.
851 2593 961 2677 itaque
985 2593 1096 2657 eadem

86 2698 125 2762 de
150 2720 248 2764 causa
270 2699 379 2765 radius
403 2723 422 2764 1
444 2704 479 2764 Κ
505 2700 597 2766 oculo
622 2700 771 2765 adcidens
793 2722 852 2785 per
875 2703 944 2764 ΚΓ
965 2698 1095 2764 feretur.

86 2825 164 2890 ergo
189 2809 253 2869 BA
284 2807 396 2871 eodem
429 2806 536 2891 spatio
569 2805 827 2893 magnitudinem
856 2808 929 2869 ΘΗ
956 2805 1096 2890 excedet,

84 2911 153 2976 siue
179 2913 418 2998 adpropinquat
441 2913 510 2978 siue
533 2913 653 2979 recedit
678 2911 797 2978 oculus.

565 3126 614 3191 18.

153 3247 276 3314 Datam
300 3248 505 3314 altitudinem
530 3271 732 3336 cognoscere,
756 3253 877 3333 quanta
901 3247 953 3312 sit.

152 3355 195 3420 sit
219 3354 305 3420 enim
324 3359 392 3420 ΒΓ
410 3356 558 3442 altitudo,
581 3378 661 3441 quae
685 3359 806 3441 quanta
825 3354 878 3440 sit,
901 3374 1095 3440 cognoscere

85 3466 244 3548 oporteat,
269 3467 302 3527 et
323 3485 381 3547 per
403 3464 432 3526 B
457 3461 585 3527 adcidat
607 3461 716 3526 radius
740 3460 818 3526 solis
841 3462 916 3526 BA.
956 3461 1014 3532 ΓΔ
1035 3458 1101 3539 igi·
