2334 3788
96 123 163 188 206
308 125 518 178 ochRUM
535 123 714 177 ωεοωαωο
733 123 901 176 Τωωοαω.

94 269 159 355 ἄρα
182 266 202 351 ἡ
224 267 290 333 ὑπὸ
314 278 381 333 τῶν
405 271 500 332 ΖΑΒ
523 276 580 351 τῆς
601 267 667 333 ὑπὸ
685 277 752 332 τῶν
771 270 866 332 ΓΑΒ
889 265 960 332 ἐστι·
979 269 1110 351 μείζων.

94 375 215 459 ὁμοίως
234 375 275 458 δὴ
292 375 512 458 δειχθήσεται,
536 374 586 439 ὅτι
609 371 665 438 καὶ
685 384 802 439 πασῶν
822 383 890 438 τῶν
912 373 968 438 διδι
991 380 1053 437 τοῦ
1074 377 1110 437 Α

95 478 301 565 διαγομένων
321 480 464 545 εὐθειῶν
485 477 542 545 καί
558 491 727 545 ποιουσῶν
744 481 828 567 πρὸς
845 490 885 566 τῇ
904 483 970 545 ΑΒ
990 479 1110 566 εὐθείᾳ

93 590 220 670 γωνίαν
243 586 395 671 ἐλαχίστη
419 583 509 652 ἐστίν
531 587 552 670 ἡ
574 586 640 652 ὑπὸ
653 597 731 652 ,τῶν
753 590 857 652 ΓΑΒ.

57 747 74 796 5
151 727 223 794 Ὅτι
240 728 261 811 ἡ
277 732 339 793 ΖΒ
357 737 397 813 τῇ
411 733 481 792 ΔΕ
498 727 566 793 ἐστι
583 729 668 814 πρὸς
685 728 801 815 ὀρθοίς,
824 727 974 813 δείξομεν
992 728 1108 806 οὕτως.

160 833 230 900 ἐπεὶ
247 835 267 918 ἡ
282 838 351 900 ΒΓ
366 844 412 924 τῳ
426 844 485 900 τοῦ
499 837 624 901 κύκλου
643 833 785 923 ἐπιπέδῳ
805 833 875 901 ἐστὶ
891 836 975 922 πρὸς
989 835 1107 922 ὀρθάς,

91 939 147 1007 καί
174 942 283 1007 ποίντα
310 943 374 1029 ἄρα
401 943 441 1007 τὰ
468 942 524 1006 διδι
546 951 604 1026 τῆς
630 945 699 1007 ΒΓ
721 941 858 1008 ἐπίπεδα
883 942 1108 1026 ἐκβαλλόμενα

92 1059 137 1137 τῷ
165 1058 226 1114 τοῦ
251 1049 375 1114 κύκλου
399 1047 542 1136 ἐπιπέδῳ
566 1046 635 1114 ἐστὶ
656 1050 740 1136 πρὸς
762 1048 877 1136 ὀρθοίς.
917 1049 955 1114 ἐν
978 1045 1016 1114 δὲ
1038 1059 1107 1114 τών

92 1156 149 1220 διὰ
180 1164 238 1240 τῆς
265 1158 334 1220 ΒΓ
364 1153 614 1240 ἐκβαλλομένων
646 1153 810 1221 ἐπιπέδων
841 1152 910 1221 ἐστὶ
941 1157 979 1221 τὸ
1007 1159 1107 1220 ΒΓΖ

40 1277 73 1326 10
91 1265 268 1347 τρίγωνον·
296 1257 351 1326 καί
374 1262 411 1326 τὸ
435 1265 531 1327 ΒΓΖ
555 1264 619 1349 ώρα
641 1266 806 1349 τρίγωνον
828 1271 874 1351 τῷ
896 1272 956 1328 τοῦ
978 1264 1106 1328 κύκλου

91 1367 234 1456 ἐπιπέδῳ
258 1366 327 1432 ἐστὶ
348 1370 432 1455 πρὸς
455 1368 569 1455 ὀρθοίς.
606 1367 676 1435 ἐπεὶ
698 1365 760 1435 οὖν
779 1371 841 1435 δύο
860 1369 996 1435 ἐπίπεδα
1014 1372 1053 1434 τό
1070 1392 1106 1434 τε

90 1483 151 1538 τοῦ
169 1479 236 1538 ΕΔ
258 1475 382 1540 κύκλου
405 1472 520 1541 καὶτὸ
543 1484 603 1540 τοῦ
622 1479 719 1541 ΒΓΖ
741 1476 908 1562 τριγώνου
925 1474 1105 1560 τέμνουσιν

91 1581 226 1664 ἄλληλα,
247 1577 303 1646 καί
326 1591 366 1667 τῇ
388 1592 484 1668 κοινῇ
508 1581 619 1647 αὐτῶν
641 1593 723 1668 τομῇ
746 1591 786 1668 τῇ
808 1586 868 1648 ΓΖ
891 1584 975 1668 πρὸς
997 1581 1104 1668 ὀρδώς

91 1685 224 1770 ἐστινὴ
249 1692 311 1752 ΖΔ
334 1687 370 1752 ἐν
392 1698 437 1776 τώ
461 1697 522 1753 τοῦ
543 1689 668 1754 κύκλου
692 1687 847 1776 ἐπιπέδῳ·
874 1690 1016 1765 αώδετος
1038 1688 1102 1774 γὰρ

38 1807 71 1856 15
90 1787 185 1876 ἦκται
208 1793 304 1878 ἡΓΖ
328 1790 381 1858 ἐπὶ
403 1795 464 1877 τὴν
480 1799 560 1859 ΒΛ·
583 1791 639 1858 καὶ
660 1793 682 1877 ἡ
701 1800 767 1859 ΖΔ
785 1797 849 1882 ἄρα
866 1804 912 1882 τῷ
930 1803 990 1859 τοῦ
1005 1797 1102 1859 ΒΓΖ

89 1901 255 1985 τριγώνου
284 1898 426 1987 ἐπιπέδῳ
455 1898 524 1965 ἐστὶ
550 1902 633 1987 πρὸς
659 1900 775 1986 ὀρθάς.
827 1903 911 1967 ὥστε
936 1899 993 1966 καὶ
1018 1902 1103 1987 πρὸς

89 2005 197 2082 ποίσας
219 2006 277 2082 τὰς
299 2004 484 2091 ἁπτομένας
506 2006 607 2091 αὐτῆς
629 2007 764 2083 εὐθείας
789 2006 845 2072 καὶ
867 2009 969 2085 οὔσας
996 2007 1033 2072 ἐν
1055 2016 1101 2095 τῳ

89 2121 150 2176 τοῦ
174 2116 269 2176 ΓΖΒ
292 2115 457 2198 τριγώνου
481 2111 623 2201 ἐπιπέδῳ
647 2112 716 2178 ἐστὶ
738 2115 821 2200 πρὸς
844 2113 963 2200 ὀρθάς·
990 2114 1011 2197 ἡ
1034 2118 1101 2178 ΔΖ

89 2219 153 2304 ἄρα
181 2227 220 2302 τῇ
245 2223 307 2282 ΖΒ
340 2219 408 2284 ἐστι
435 2221 518 2303 πρὸς
544 2220 659 2304 ὀρθάς.
710 2219 875 2285 ἀνάπαλιν
902 2221 966 2306 δίρα
992 2219 1014 2303 ἡ
1037 2224 1101 2284 ΒΖ

36 2338 70 2386 20
89 2333 129 2408 τῇ
151 2328 254 2388 ΕΖΔ
273 2324 436 2413 διαμέτρῳ
461 2324 530 2391 ἐστὶ
552 2328 635 2412 πρὸς
657 2325 773 2412 ὀρθάς.

145 2465 253 2530 Ἔστω
282 2466 344 2530 δύο
366 2470 512 2550 τρίγωνα
534 2467 575 2530 τδι
598 2470 707 2550 ΒΓΑ,
730 2472 759 2531 Β
766 2472 827 2531 ΖΑ
854 2467 961 2553 ὀρθὰς
983 2470 1100 2551 έχοντα

89 2573 147 2648 τδις
168 2573 252 2659 πρὸς
274 2583 343 2647 τοῖς
367 2575 404 2655 Γ,
424 2576 452 2635 Ζ
475 2577 607 2656 γωνίας,
630 2571 685 2637 καὶ
707 2572 728 2656 ἡ
752 2577 815 2637 ΒΑ
836 2575 919 2657 πρὸς
943 2578 1009 2638 ΖΑ
1031 2576 1099 2657 μεί-

90 2681 166 2756 ζονα
189 2681 290 2760 λόγον
313 2675 410 2761 ἐχέτω
433 2679 516 2765 ἥπερ
538 2680 621 2764 πρὸς
643 2681 705 2764 τὴν
728 2683 797 2744 ΓΑ.
837 2678 933 2764 λέγω,
956 2679 1008 2744 ὅτι
1030 2683 1099 2764 μεί-

89 2788 153 2864 ζων
176 2783 266 2850 ἐστὶν
288 2784 309 2868 ἡ
332 2785 397 2850 ὑπὸ
422 2790 522 2850 ΖΑΒ
549 2789 653 2868 γωνία
680 2795 738 2869 τῆς
759 2785 824 2850 ὑπὸ
849 2790 943 2851 ΓΑΒ
966 2789 1098 2868 γωνίας.

35 2903 69 2952 25
88 2890 157 2958 ἐπεὶ
180 2892 243 2978 γὰρ
266 2890 286 2974 ἡ
306 2896 368 2956 ΒΑ
390 2893 473 2979 πρὸς
495 2894 556 2975 τὴν
575 2897 637 2956 ΖΑ
659 2895 790 2976 μείζονα
808 2895 910 2974 λόγον
927 2895 992 2976 ἔχει
1015 2893 1098 2978 ἥπερ

87 3000 170 3089 πρὸς
192 3000 254 3082 τὴν
277 3001 347 3082 ΓΑ,
370 2997 425 3063 καὶ
448 2999 612 3063 ἀνάπαλιν
634 2998 698 3081 ἄρα
720 2997 740 3081 ἡ
762 3003 827 3062 ΖΑ
849 2999 931 3084 πρὸς
953 3000 1014 3082 τὴν
1030 3003 1098 3063 ΑΒ

159 3269 182 3317 1.
201 3272 256 3318 τῶν
271 3262 456 3332 (utrumque)]
476 3261 530 3315 del.
544 3279 580 3314 m.
596 3276 649 3315 rec.
664 3261 697 3316 V.
762 3261 836 3316 ἐστιν
855 3262 911 3316 Vv.
983 3268 1007 3316 3.
1027 3261 1097 3315 Post

86 3343 119 3406 τῇ
137 3351 191 3415 τοο.
212 3340 226 3388 1
246 3333 301 3389 litt.
322 3334 355 3388 V.
444 3331 633 3419 4.,τῶν]1(1ε1,
653 3351 689 3386 m.
709 3349 762 3387 ree.
782 3334 815 3388 V.
907 3336 930 3387 ὅ.
952 3333 1095 3402 λη’λίρν,

80 3405 234 3530 λλλιὲῑ
317 3401 523 3548 {⁰223
536 3404 574 3529 ἐξ
643 3404 766 3531 ξολλ.
840 3404 1096 3546 ἐτίλλπιλ
