2334 3788
67 109 110 175 88
408 109 577 162 εοοωοιε
597 110 735 162 οΡΤιοε.

68 257 343 339 αλληλόγραμμον
366 255 429 338 ἄρα
453 251 521 319 ἐστὶ
544 254 581 318 τὸ
605 257 748 318 ΑΕΓΒ.
788 253 844 317 διδι
866 253 906 317 τδι
929 251 1013 317 αὐτὰ
1036 252 1080 335 δὴ

66 363 409 446 παραλληλόγραμμόν
445 358 513 424 ε’στι
548 357 604 424 καὶ
636 362 672 425 τὸ
703 363 845 424 ΕΑΖΓ.
905 361 1007 424 λείπει
1040 355 1078 424 δὲ

5 498 43 543 «ε
68 465 181 551 δεῖξαι,
204 467 255 532 ὅτι
278 470 418 532 ἔλασσον
441 469 593 550 φαίνεται
617 467 654 531 τὸ
679 466 760 531 αὐτὸ
785 463 840 531 καὶ
858 469 975 551 μεῖζον.
1013 489 1078 549 ῳα-

68 576 167 659 νερὸν
190 575 246 657 δή,
280 574 330 639 ὅτι
358 573 507 639 ἐλάσσων
534 571 603 639 ἐστὶ
630 577 735 655 γωνία
762 572 782 656 ἡ
809 573 875 638 ὑπὸ
900 577 997 638 ΓΕΑ
1020 580 1079 655 τῆς

31 691 51 751 ,ὁ
69 680 134 745 ὑπὸ
164 684 277 762 ΓΕΔ,
309 679 377 745 ἐπεὶ
405 678 582 763 δέδεικται,
614 681 665 745 ὅτι
692 690 808 745 πασῶν
835 691 902 745 τῶν
934 680 990 745 διδι
1017 687 1078 743 τοῦ

68 786 207 871 κέντρου
240 785 448 870 διαγομένων
484 786 627 852 εὐθειῶν
663 784 718 851 καὶ
750 797 919 851 ποιουσῶν
951 791 1081 868 γωνίαν

69 893 220 978 ἐλαχίστη
248 891 338 958 ἐστὶν
364 892 384 976 ἡ
411 893 477 957 ὑπὸ
502 896 609 958 ΓΕΑ.
660 893 808 959 ἐλάσσων
836 895 900 978 ἅμα
927 891 996 957 ἐστὶ
1022 890 1079 957 καὶ

53 1009 126 1084 Ιτῆς
152 1001 217 1065 ὑπὸ
242 1003 350 1065 ΓΕΔ.
395 1002 453 1064 καί
474 999 542 1064 ἐστι
570 1009 628 1084 τῆς
654 997 714 1084 μὲν
736 1001 801 1065 ὑπὸ
826 1004 925 1065 ΓΒΑ
946 998 1080 1083 ἡμίσεια

68 1106 89 1189 η
121 1107 186 1171 ὑπὸ
215 1111 329 1170 ΒΕΑ·
361 1108 703 1191 παραλληλόγραμμον
730 1108 792 1192 γὰρ
822 1108 1018 1190 ἰσόπλευρον
1041 1107 1080 1170 τὸ

16 1225 50 1274 10
69 1218 147 1278 ΒΕ·
171 1223 229 1297 τῆς
252 1209 288 1277 δὲ
310 1213 375 1277 ὑπὸ
396 1216 494 1277 ΓΕΔ
516 1211 536 1295 ἡ
559 1213 624 1278 ὑπὸ
645 1217 758 1278 ΖΕΑ·
785 1215 1079 1298 παραλληλόγραμ-

70 1343 134 1403 μον
157 1320 220 1404 γὰρ
245 1320 443 1403 ἰσόπλευρον
469 1317 524 1383 καὶ
551 1320 589 1383 τὸ
619 1324 689 1384 ΖΕ.
744 1317 800 1383 καὶ
831 1318 851 1402 ἡ
884 1319 949 1383 ὑπὸ
977 1322 1080 1382 ΒΕΑ

69 1426 133 1508 ἅμα
161 1423 304 1488 έλοίττων
333 1422 402 1488 ἐστὶ
428 1432 486 1507 τῆς
513 1423 578 1488 ὑπὸ
603 1429 712 1490 ΖΕΔ.
759 1427 842 1490 ὥστε
869 1424 924 1489 καὶ
951 1425 988 1489 τὸ
1013 1429 1081 1489 ΑΒ

69 1527 211 1613 μέγεθος
234 1538 294 1593 τοῦ
316 1534 350 1593 Δ
356 1534 384 1594 Ζ
406 1528 569 1614 μεγέθους
593 1533 729 1596 έλαττον
751 1531 945 1615 ὀφθήσεται.

136 1633 191 1700 καὶ
214 1637 362 1720 φανερὸν
385 1635 421 1701 εἰι
443 1645 502 1700 τοῦ
525 1636 803 1722 προδεδειγμένου
827 1639 1002 1722 λήμματος,
1030 1638 1081 1703 ὅτι

18 1753 50 1802 15
70 1742 242 1826 ἐλάχιστον
260 1739 320 1827 μὲν
338 1742 523 1827 ὀφθήσεται
541 1745 624 1829 πρὸς
641 1753 687 1832 τῳ
706 1751 748 1827 Α,
771 1742 927 1835 μέγιστον
945 1741 981 1809 δὲ
997 1745 1081 1829 πρὸς

69 1858 115 1937 τῳ
146 1851 229 1914 κατὰ
261 1849 438 1935 διάμετρον
464 1858 510 1937 τῳ
533 1855 566 1914 Α
593 1853 730 1938 σημείῳ,
763 1857 838 1915 ίσον
870 1847 906 1915 δὲ
935 1852 972 1915 τὸ
1006 1856 1083 1915 ίσον

70 1954 192 2040 ἀπέχον
216 1954 269 2039 ἐφ’
291 1953 426 2041 ἑκάτερα
450 1964 509 2020 τοῦ
533 1962 565 2020 Α
588 1959 734 2040 σημείου.

543 2175 610 2234 μα.

136 2271 211 2337 Ἐδιν
235 2270 272 2337 δέ
294 2275 331 2338 τὸ
356 2273 524 2359 ὁρώμενον
546 2276 629 2360 πρὸς
649 2275 756 2361 ὀρθὰς
775 2271 794 2362 ἦ
812 2286 858 2364 τῷ
875 2275 1082 2365 ὑποκειμένῳ

18 2393 53 2442 20
72 2377 229 2466 ἐπιπέδῳ,
265 2382 460 2463 μεθίστηται
493 2376 529 2444 δὲ
561 2383 598 2445 τὸ
631 2383 718 2466 ὄμμα
751 2381 803 2446 ἐπὶ
835 2383 958 2447 κύκλου
990 2405 1082 2469 περι-

72 2489 206 2570 φερείας
225 2484 363 2571 κέντρον
386 2489 517 2571 ἔχοντος
535 2488 572 2552 τὸ
592 2501 737 2573 σημεῖον,
760 2487 839 2553 καθ’
860 2488 878 2553 ὃ
902 2490 1082 2574 συμβάλλει

71 2593 109 2657 τὸ
132 2591 272 2676 μέγεθος
294 2602 340 2680 τῳ
364 2592 520 2680 ἐπιπέδῳ,
553 2600 626 2659 ίσον
649 2593 758 2660 ἀεὶτὸ
783 2595 952 2681 ὁρώμενον
975 2598 1083 2681 φανη-

72 2715 171 2763 σεται.

140 2808 221 2870 ἔστω
253 2804 422 2890 ὁρώμενον
454 2806 594 2890 μέγεθος
623 2808 660 2872 τὸ
688 2812 753 2872 ΑΒ
785 2809 868 2893 πρὸς
899 2806 1005 2893 ὀρθὰς
1037 2819 1083 2895 τῷ

146 3039 169 3089 1.
190 3031 261 3106 ἐστί]
281 3051 333 3089 om.
349 3053 385 3089 m.
458 3036 579 3107 ΑΕΓΒ]
599 3038 712 3088 ΑΕΒΓ
726 3035 792 3089 Vm.
865 3040 889 3088 2.
910 3036 1083 3104 παραλληλό-

73 3125 185 3175 γραμμα
204 3106 237 3174 A,
257 3122 344 3175 comp.
364 3106 428 3161 Vat.
505 3106 536 3160 τδ
556 3109 607 3159 ΕΔ
615 3107 682 3176 ΖΓ]
701 3124 756 3175 mg.
776 3124 811 3161 m.
832 3112 847 3158 2
867 3105 899 3161 V.
982 3112 1005 3160 3.
1027 3105 1082 3177 ὅτι]

73 3194 128 3246 mg.
148 3182 214 3231 παλ
234 3177 266 3232 V.
341 3176 453 3232 ἔλαττον
472 3177 545 3246 λίπε,
566 3193 653 3246 comp.
669 3194 694 3231 v.
767 3183 792 3232 4.
814 3177 928 3231 ἔλασσον
947 3195 972 3246 V,
993 3193 1083 3246 comp.

72 3247 138 3301 vat.
229 3253 252 3302 5.
278 3245 353 3320 ἐπεί]
378 3264 434 3315 seq.
454 3265 507 3302 ras.
527 3253 543 3301 2
563 3247 617 3302 litt.
638 3248 670 3317 V,
700 3247 758 3302 ἐπεὶ
778 3243 829 3303 οὖν
848 3248 974 3303 Vat.Av.
1058 3255 1082 3303 6.

15 3354 16 3359 =
74 3315 191 3390 γωνίαν]
211 3319 302 3388 ὀρθὴν
321 3316 427 3389 γωνίαν
445 3319 512 3388 Vm,
532 3318 623 3387 ὀρθήν
642 3319 706 3374 add.
726 3337 761 3374 m.
783 3320 881 3373 Πολ.
945 3325 967 3372 7.
989 3320 1083 3390 ΓΕΑ]

75 3392 155 3443 ΓΕΑ
173 3387 260 3458 γωνία
279 3408 314 3445 m.
393 3387 511 3444 ἐλάττων
530 3390 603 3459 Vah,
627 3407 715 3460 comp.
734 3409 759 3445 v.
842 3390 898 3458 ἄρα
917 3387 988 3460 ἐστί]
1009 3389 1084 3444 ἐστὶν

73 3459 129 3528 ἄρα
148 3461 274 3515 Vah.Av.
357 3464 380 3514 8.
402 3462 493 3532 ΓΕΑ]
513 3460 583 3515 A·in
600 3478 654 3517 ras.
673 3462 707 3530 V,
733 3464 815 3515 ΓΕΑ
834 3461 870 3529 A;
901 3464 984 3514 ΓΕΑ
1003 3479 1029 3529 v,
1054 3463 1084 3514 et
