2324 3788
101 117 145 180 36
442 121 612 173 Eucmms
630 122 769 175 ΟΡΤῙΟΔ.

101 263 269 346 δοκοῦσιν,
291 262 510 328 ὑποκάτωθεν
534 262 565 328 δ’
586 265 698 341 εὐθείς
721 259 817 349 εἶναι,
839 263 896 331 καὶ
914 268 953 332 αί
969 266 1061 333 σκιαὶ
1079 265 1116 335 δέ

101 379 169 434 τῶν
190 372 314 453 κρίκων
342 369 379 435 έν
406 380 451 458 τῷ
475 370 564 458 αὐτῷ
588 370 730 459 ἐπιπέδῳ
754 370 915 456 κειμένων
941 383 990 458 τῷ
1014 379 1115 459 φωτί-

102 479 190 555 ζοντι
213 476 343 542 εὐθεῖαι
365 479 525 558 γίνονται.

527 652 678 731 Ἄλλως.

65 786 81 835 5
165 777 241 844 Ἐὰν
264 778 369 865 ἐντῷ
392 777 482 865 αὐτῷ
506 776 648 866 ἐπιπέδῳ
671 789 718 868 τῷ
741 782 861 865 ὄμματι
878 782 1007 847 κύκλον
1026 805 1113 867 περι-

100 883 217 971 φέρεια
240 892 333 970 τεθῇ,
356 885 472 950 εὐθεῖα
494 888 626 970 γραμμὴ
649 886 670 969 ἡ
693 896 753 952 τοῦ
771 888 896 952 κύκλον
919 889 1113 977 περιφέρεια

99 995 264 1074 φαίνεται.

167 1101 250 1163 ἐστω
282 1100 407 1164 κύκλου
438 1122 528 1186 περι·
580 1105 613 1166 B

99 1202 216 1290 φέρειν
239 1204 259 1286 ἡ
283 1207 355 1288 ΒΓ,
381 1206 468 1289 ὄμμα
493 1202 529 1269 δέ
614 1133 1105 1461 &A

59 1319 81 1368 ,0
100 1314 182 1375 ἐστω
204 1312 241 1375 τὸ
260 1315 293 1374 Δ
312 1310 348 1375 ἐν
370 1321 416 1398 τῷ
439 1312 528 1400 αύτῷ

100 1414 241 1503 ἐπιπέδῳ
256 1416 296 1481 δν
310 1421 427 1502 τῇΒΓ
438 1439 529 1504 περι-
590 1424 621 1483 Γ

100 1525 230 1608 φερεία,
267 1520 326 1607 ἀφ’
356 1519 396 1589 ού
427 1540 529 1609 προσ-

98 1627 308 1694 πιπτέτωσαν
335 1631 428 1707 ὄύεις
454 1632 492 1695 αι’
506 1635 584 1713 AB,
606 1634 684 1713 AZ,
706 1632 781 1695 ΛΓ.
832 1631 973 1715 οὐκοῦν,
1000 1632 1111 1718 ἐπειδὴ

99 1746 167 1800 τῶν
195 1735 374 1822 ὁρωμένων
402 1733 501 1802 οὐδὲν
533 1737 613 1802 ὅλον
642 1737 708 1821 ἅμα
738 1736 869 1823 ὁρᾶται,
900 1737 1018 1804 εὐθεῖα
1050 1741 1112 1826 ἄρα

59 1851 82 1902 ,5
102 1840 193 1908 ἐστὶν
214 1841 235 1924 ἡ
259 1847 331 1908 ΒΖ.
377 1843 499 1928 ὁμοίως
526 1844 567 1927 δὴ
595 1841 649 1907 καὶ
676 1843 696 1927 ἡ
722 1845 789 1907 ΖΓ.
836 1843 894 1925 ὄλη
919 1846 984 1931 ἄρα
1006 1845 1028 1929 ἡ
1052 1849 1115 1912 ΒΓ

99 1948 292 2036 περιφέρεια
315 1950 432 2016 εύθεία
455 1948 552 2028 δόξει.

572 2150 636 2209 κγ.

167 2254 323 2337 Σφαίρας
341 2250 601 2333 ὁπωσδηποτοῦν
619 2249 787 2335 ὁρωμένης
799 2250 865 2316 ὑπὸ
881 2249 955 2328 ἑνὸς
968 2254 1111 2338 ὄμματος

100 2359 242 2423 ἔλασσον
270 2356 320 2422 ἀεὶ
347 2357 567 2441 ἡμισφαιρίου
590 2360 758 2442 φαίνεται,
790 2358 871 2422 αὐτὸ
899 2355 937 2423 δὲ
962 2361 1001 2425 τὸ
1030 2361 1110 2449 δρύ-

59 2474 82 2522 ιο
100 2488 203 2548 μενον
224 2473 282 2548 τῆς
305 2466 449 2549 σφαίρας
471 2460 570 2547 μέρος
591 2465 716 2528 κύκλον
738 2463 930 2551 περιφέρεια
948 2471 1110 2550 φαίνεται.

166 2574 248 2635 ἐστω
272 2581 408 2655 σφαῖρα,
431 2565 470 2653 ἧς
492 2569 630 2655 κέντρον
653 2568 713 2654 μέν
735 2572 772 2636 τὸ
796 2577 839 2654 Α,
862 2573 949 2656 ὄμμα
972 2569 1010 2638 δὲ
1029 2577 1109 2641 ἔστω

101 2679 138 2742 τὸ
162 2681 201 2741 Β.
246 2675 302 2742 καὶ
325 2677 509 2762 ἐπεζεύχθω
532 2675 553 2759 ἡ
576 2680 657 2760 AB,
680 2675 735 2741 καὶ
759 2676 970 2761 ἐκβεβλήσθω
994 2682 1032 2744 τὸ
1056 2682 1111 2746 διδ

101 2792 159 2867 τῆς
177 2787 240 2848 BA
259 2783 423 2848 ἐπίπεδον.
459 2785 590 2866 ποιήσει
608 2779 671 2849 οὖν
689 2785 793 2868 τομὴν
811 2785 943 2849 κύκλον.
976 2790 1110 2853 ποιείτω

100 2891 160 2956 τὸν
174 2892 315 2954 ΓΔΘΗ
328 2890 462 2974 κύκλον,
479 2887 623 2976 καὶπερὶ
642 2890 819 2975 διάμετρον
836 2892 898 2975 τὴν
911 2895 978 2956 AB
991 2894 1113 2972 κύκλος

59 3006 82 3054 ιο
103 2996 286 3082 γεγράφθω
310 2996 328 3061 δ
353 2999 456 3079 ΓΒΛ,
479 2994 535 3061 καὶ
558 2995 805 3081 ἐπεζεύχθωσαν
828 2996 958 3062 εὐθεῖαι
981 3001 1019 3064 αἱ
1041 3005 1111 3085 ΓΒ,

100 3107 177 3187 ΒΔ,
200 3107 280 3186 ΑΔ,
303 3108 336 3166 A
342 3105 377 3166 Γ.
432 3101 501 3168 ἐπεὶ
528 3098 591 3168 οὖν
617 3101 814 3187 ἡμικύκλιόν
841 3102 910 3169 ἐστι
937 3105 974 3170 τδ
1000 3111 1111 3191 ΑΓΒ,

100 3209 188 3295 ὀρθὴ
206 3211 312 3291 γωνία
331 3206 421 3273 ἐστὶν
439 3209 459 3292 ἡ
473 3209 538 3274 ὑπὸ
553 3214 585 3272 Α
591 3211 666 3273 ΓΒ·
685 3209 806 3294 ὁμοίως
823 3208 878 3274 καὶ
892 3209 912 3292 ἡ
926 3210 992 3276 ὑπὸ
1006 3217 1111 3278 BAA.

174 3406 197 3454 1.
217 3402 333 3455 δοκοῦσι
351 3419 376 3454 v.
450 3401 556 3472 εύθεῑς]
576 3403 652 3463 -θεῐς
670 3400 700 3454 in
718 3418 771 3456 ras.
791 3401 825 3470 V,
844 3403 956 3465 εύσθεῖς
974 3421 1000 3471 v,
1025 3402 1112 3461 εὐθέα

101 3469 222 3524 Vat.¹m.
302 3478 326 3526 4.
346 3471 444 3544 ἄλλως]
463 3472 507 3527 κε’
526 3471 723 3543 VVat.v(B?),
747 3472 834 3536 ἄλλως
851 3474 882 3528 τὸ
902 3474 971 3530 αὐτό
989 3474 1110 3531 Vat.¹m.
