2334 3788
143 877 170 939 1.
206 874 443 961 Θεωρουμένου
472 877 562 951 τινὸς
589 876 697 953 ὕψους
724 900 754 960 p
774 877 838 941 286
844 876 907 960 ,4]
936 875 957 959 ἢ
984 878 1086 941 πόλιν

75 980 188 1069 ἐτέρου
216 985 306 1059 τινὸς
335 985 484 1067 σώματος
516 984 599 1069 πρὸς
625 983 732 1069 ὀρθὰς
758 987 882 1065 γωνίας
910 982 1085 1103 ἱσταμένου

75 1099 121 1176 τῷ
146 1089 339 1177 ἐπιπέόφ,’
323 1114 359 1155 εν
382 1084 408 1179 ᾧ
430 1088 540 1155 καὶ
509 1114 547 1155 το
571 1093 732 1175 ἔνοπτρον
755 1102 867 1154 κεῖται.

144 1215 173 1278 8.
211 1218 275 1299 Τῆς
303 1218 503 1301 σφαιᾞραςμ
528 1215 691 1300 286,15]
721 1209 790 1278 εἷπε
818 1213 854 1279 δὲ
882 1216 919 1280 τὸ
947 1214 1085 1301 κέντρον

75 1331 132 1405 τῆς
155 1325 299 1406 σφαίρας
321 1321 376 1386 καὶ
400 1323 440 1386 οὐ
463 1324 500 1387 τὸ
523 1320 662 1407 κέντρον
685 1331 746 1386 τοῦ
769 1321 945 1408 ἐνόπτρου,
974 1322 1084 1406 ἐπειδὴ
1123 1336 1139 1384 5

74 1428 284 1514 σφαιροειδές
307 1428 376 1493 ἐστι
399 1430 436 1493 τὸ
459 1429 583 1515 κυρτὸν
607 1431 776 1509 ἐνοπτρον.
819 1431 926 1514 ὥσπερ
952 1425 1014 1494 οὖν
1032 1428 1084 1494 ἐπὶ

73 1543 132 1617 τῆς
159 1538 304 1619 σφαίρας
331 1537 410 1617 ἔχει,
444 1535 508 1618 ὅτι,
536 1535 618 1598 ὅθεν
644 1534 686 1599 ἂν
709 1537 812 1620 νοήσῃ
836 1558 886 1611 τις
909 1533 958 1599 ἐπ’
980 1535 1085 1619 αὐτὴν

74 1641 315 1725 ἐκβαλλόμενόν
329 1665 360 1705 τι
379 1641 482 1725 βάρος
501 1641 564 1705 ἀπὸ
579 1651 636 1724 τῆς
651 1641 843 1725 ἐπιφανείας
859 1650 916 1725 τῆς
930 1646 1084 1728 σφαίρας,

72 1746 177 1811 ἐκεῖνο
196 1748 233 1811 τὸ
252 1748 355 1832 βάρος
375 1747 431 1810 διὰ
450 1756 509 1811 τοῦ
528 1746 668 1832 κέντρου
688 1747 866 1812 ἐλεύσεται·
890 1750 1000 1813 νεόσει
1018 1750 1083 1834 γὰρ

73 1852 124 1918 ἀεὶ
152 1865 301 1938 φυσικῶς
328 1854 411 1939 πρὸς
438 1855 474 1918 τὸ
497 1852 614 1937 μέσον,
646 1855 736 1918 καθὰ
762 1853 817 1919 καὶ
844 1865 890 1943 τῷ
916 1856 1083 1943 Θεοδοσίφ
1104 1869 1137 1917 10

72 1958 300 2023 ἀποδέδεικται
325 1959 360 2024 ἐν
378 1972 448 2036 τοῖς
467 1965 680 2045 Σφαιρικοΐς·
704 1961 791 2025 οὕτω
812 1962 852 2044 δὴ
875 1959 930 2025 καὶ
952 1960 1005 2025 ἐπὶ
1023 1971 1083 2025 τοῦ

72 2066 308 2149 σφαιροειδοῦς
340 2066 501 2152 ἐνόπτρου
535 2066 593 2132 ἐὰν
625 2068 707 2152 πρὸς
734 2066 841 2153 ὀρθὰς
868 2071 992 2149 γωνίας
1019 2067 1083 2133 ἀπό

71 2194 163 2248 τινος
190 2171 360 2257 ὁρωμένου
388 2173 499 2259 ἀφεθῇ
528 2198 577 2249 τις
608 2174 739 2256 εὐθεῖα,
771 2175 853 2259 πρὸς
880 2175 917 2239 τὸ
944 2173 1083 2261 κέντρον

70 2288 130 2343 τοῦ
154 2278 316 2365 ἐνόπτρου
340 2292 494 2344 πεσεῖται.

138 2406 167 2469 3.
203 2404 322 2469 Οὐκέτι
346 2405 461 2490 ὁρᾶται
483 2407 609 2490 Ρ.286,
631 2405 686 2490 12]
715 2406 839 2471 οὐκοῦν
862 2405 991 2482 ἐντοῖς
1014 2407 1082 2472 ἐπι·
1103 2418 1135 2467 15

70 2508 184 2586 πέδοις
211 2511 382 2596 ἐνόπτροις
409 2511 547 2576 ἕκαστον
574 2523 641 2577 τῶν
664 2512 842 2596 ὁρωμένων
869 2513 985 2598 ὁρᾶται
1008 2512 1080 2578 κατ’

71 2614 176 2678 έκεῖνο
205 2617 241 2680 τὸ
269 2617 381 2703 μέρος,
413 2617 493 2682 καθ’
520 2617 537 2682 ὃ
566 2620 755 2702 σύμπτωσις
778 2622 903 2700 γίνεται
927 2619 1082 2703 ἐκβαλλο-

70 2719 181 2804 μένων
204 2730 262 2804 τῆς
284 2746 319 2786 τε
342 2726 448 2801 ὄψεως
474 2723 529 2789 καὶ
552 2735 610 2808 τῆς
632 2725 696 2789 ἀπὸ
720 2734 779 2789 τοῦ
804 2724 974 2809 ὁρωμένου
997 2734 1082 2791 καθ-

71 2825 161 2910 έτου,
191 2826 298 2911 ὥσπερ
324 2826 375 2892 ἐπὶ
398 2838 458 2894 τοῦ
483 2828 701 2914 ὑποκειμένου
724 2830 966 2914 ὑποδείγματος
989 2833 1025 2896 τὸ
1049 2839 1082 2898 Δ

142 3024 165 3073 1.
184 3037 211 3088 p.
284 3026 308 3074 2.
328 3019 399 3088 V¹p.
473 3027 497 3074 3.
516 3021 596 3090 qu.

142 3205 164 3252 7.
184 3199 331 3292 abvvjvjp,
303 3197 437 3267 μαότόν
456 3197 489 3252 V.
563 3202 586 3252 8.
606 3199 690 3279 n]p,
710 3216 763 3254 om.
778 3199 812 3253 V.
879 3204 903 3254 9.
924 3198 1027 3271 ἐκεῖνο]
1046 3201 1080 3270 V,

69 3268 171 3340 ἐκεῖμ.
227 3271 330 3341 νευοει]
351 3268 469 3323 dubium
487 3268 542 3322 et
534 3287 563 3322 1n
582 3268 851 3338 Vet1np.12
871 3272 1069 3363 σφαιροειδοῦς

69 3341 103 3410 V,
123 3351 317 3412 σφαιρικοῦμ.
375 3347 416 3396 15
436 3341 545 3430 σχόλιον
566 3340 630 3395 add
645 3359 680 3394 m.
692 3341 756 3397 2V.
821 3347 862 3396 19.
881 3340 1068 3411 ὑποκειμένου

69 3428 96 3466 u.
115 3419 200 3467 nr..4
273 3412 441 3486 Anqvq,
461 3409 537 3481 όέρ.
