2334 3788
90 107 158 171 294
481 108 713 161 ΟΔΤΟΡΓΒΙΟΒ

88 259 267 316 πεσοῦνται
290 250 344 318 ἐπὶ
366 252 406 316 τὰ
425 255 465 334 Ε,
483 257 524 316 Δ.
562 251 745 336 ἐπεζεύχθω
768 253 838 336 γὰρ
859 252 883 335 ἡ
902 254 982 317 ΗΖ
1003 249 1109 316 ωἰθεῖι

88 355 144 422 καὶ
167 357 380 442 ἐκβεβλήσθω
403 355 457 442 ἐφ’
478 355 622 442 ἑκάτεροι
672 355 742 423 ἐπεὶ
764 363 822 441 ἴση
848 355 951 422 ἐστίν
978 356 1110 442 ἡΚ,Θ

87 473 128 549 τῇ
156 468 187 529 A
219 464 276 528 διὰ
303 466 340 529 τὸ
368 463 406 529 ἐν
434 470 521 540 ἴσαις
550 464 759 529 ἀνακλᾶσθαι
791 467 959 547 γωνίαις,
992 469 1044 546 εἴη
1073 461 1109 527 ἂν

87 573 206 654 μείζων
229 569 249 653 ἡ
273 575 315 653 A,
328 575 373 636 Μ
390 581 448 654 τῆς
466 574 505 636 K.
541 570 562 654 ἡ
586 567 624 636 δὲ
641 574 676 635 K
694 580 753 654 τῆς
769 574 816 654 Ν,
830 569 867 643 Ξ
886 570 964 635 έστι
987 572 1109 655 μειζων,

55 677 109 761 αὴ
133 675 170 742 δὲ
192 681 238 759 Ν,
257 677 288 749 Ξ
307 686 365 760 τῆς
388 682 427 760 0,
446 681 634 762 Πμείζων·
664 677 748 760 αὐτὴ
770 677 836 761 γὰρ
861 676 885 759 ἡ
909 676 945 751 Ξ
965 682 1025 760 ἴση
1047 672 1107 741 ἐστὶ

89 793 129 869 τῇ
153 788 192 866 0,
211 789 260 848 Π·
283 787 402 867 μείζων
424 784 489 867 ἄρα
511 784 532 867 ἡ
556 789 597 867 A,
615 789 660 850 Μ
677 793 736 867 τῆς
759 788 799 866 0,
817 786 864 847 Π.
907 787 1030 870 πολλῷ
1051 783 1108 866 ἄρα

88 890 109 973 ἡ
133 895 178 973 A,
196 894 240 955 M
262 900 320 974 τῆς
344 895 373 954 0
394 893 513 974 μείζων
536 889 636 955 ε’στίν.
681 890 743 955 οὐκ
764 891 830 975 ἄρα
852 898 1106 973 συμπεσοῦνται

89 998 127 1060 αι’
149 1001 220 1079 ΖΔ,
239 1000 310 1061 ΗΕ
331 997 460 1062 εὐθεῖαι
484 993 564 1061 οὐδὲ
586 998 794 1081 παράλληλοί
813 997 913 1060 εἴσιν.

576 1251 615 1292 ε.

50 1363 71 1411 ,ο
154 1349 208 1416 Ἐν
235 1362 305 1428 τοῖς
331 1355 456 1428 κοίλοις
483 1350 656 1435 ἐνόπτροις
683 1351 741 1416 ἐὰν
768 1349 789 1434 ἣ
816 1348 869 1416 ἐπὶ
898 1351 938 1415 τὸ
968 1349 1106 1435 κέντρον

88 1456 109 1540 ἣ
132 1454 184 1522 ἐπὶ
207 1467 265 1540 τῆς
287 1461 497 1542 περιφερείας
520 1457 541 1541 ἢ
559 1457 652 1533 ἐκτὸς
673 1467 732 1541 τῆς
748 1461 967 1541 περιφερείας
985 1463 1054 1542 θῇς
1069 1457 1104 1521 τὸ

88 1565 187 1648 ὄμμα,
204 1563 353 1629 τουτέστι
367 1564 487 1648 μεταξὺ
505 1573 566 1629 τοῦ
580 1563 720 1647 κέντρου
738 1560 793 1628 καὶ
807 1573 866 1646 τῆς
878 1566 1104 1649 περιφερείας,

88 1671 126 1734 ιιί
145 1672 238 1748 ὄψεις
260 1669 488 1755 ἁνακίώμεναι
511 1679 765 1754 συμπεσοῦνται.
786 1687 800 1712 ·

155 1779 237 1842 ἔστω
269 1782 383 1841 κοῖλον
413 1780 574 1860 ἔνοπτρον
602 1779 639 1842 τὸ
667 1780 781 1860 ΑΓΔ,
813 1775 955 1862 κέντρον
984 1774 1025 1842 δὲ
1051 1786 1106 1860 τῆς

49 1895 71 1941 ,5
90 1887 234 1966 σφαίρας
255 1886 292 1948 τὸ
316 1888 360 1966 Β,
391 1882 446 1948 καὶ
473 1888 597 1948 κείσθω
625 1885 662 1948 τὸ
690 1886 778 1968 ὄμμα
805 1881 858 1948 ε’πὶ
885 1892 948 1947 τοῦ
971 1887 1021 1967 Β,
1052 1880 1104 1948 καὶ

88 1989 383 2071 προσπιπτέτωσαν
402 1989 465 2054 ἀπὸ
480 1999 540 2053 τοῦ
555 1994 583 2054 Β
603 1991 696 2066 ὄψεις
713 1991 796 2073 πρὸς
809 1990 871 2071 τὴν
885 1989 1104 2074 περιφέρειαν

89 2098 126 2159 αι’
147 2100 223 2179 BA,
246 2099 324 2179 ΒΓ,
347 2100 419 2160 ΒΛ.
470 2102 538 2159 ἴσαι
567 2098 631 2179 ἄρα
660 2094 746 2160 εἰσὶν
773 2096 810 2159 αί
834 2095 918 2178 πρὸς
947 2108 1023 2172 τοῖς
1050 2112 1103 2178 ση-

88 2205 193 2284 μειόις
214 2214 284 2279 τοῖς
304 2211 345 2285 Α,
361 2210 404 2286 A,
421 2205 453 2267 Γ
470 2207 600 2284 γωνίαι·
625 2201 822 2285 ἡμικυκλίου
846 2201 909 2284 γάρ
934 2203 1034 2267 είσιν.
1070 2203 1105 2266 αἱ

88 2308 153 2390 ίίρα
181 2309 273 2384 ὄφεις
304 2308 532 2391 ἀνακλώμεναι
559 2306 605 2372 δι’
631 2307 759 2373 ἑαυτῶν
788 2307 1104 2391 ἀνακλασθήσονται

48 2426 71 2473 ιο
91 2415 129 2478 αιρ
154 2418 230 2496 BA,
253 2417 329 2496 ΒΓ,
353 2418 429 2478 ΒΛ·
463 2424 561 2478 τοῦτο
589 2416 652 2498 γὰρ
680 2413 851 2478 δέδεικται.
906 2414 992 2479 ὥστε
1023 2434 1104 2499 συμ-

88 2527 267 2583 πεσοῦνται
290 2522 371 2582 κατὰ
395 2522 432 2583 τὸ
456 2524 493 2583 Β.

156 2628 238 2690 ἔστω
257 2626 357 2689 πάλιν
371 2631 484 2689 κοῖλον
499 2630 660 2711 ε’νοπτρον
674 2630 711 2691 τὸ
726 2631 837 2710 ΑΓΒ,
855 2628 943 2710 ὄμμα
958 2625 996 2691 δὲ
1011 2630 1050 2693 τὸ
1065 2632 1102 2709 Β,

162 2896 186 2943 1.
206 2889 278 2959 ΗΖ]
300 2887 375 2941 ΖΜ.
453 2894 477 2942 2.
496 2888 562 2940 Post
582 2888 699 2956 ἑκάτερα
724 2890 788 2943 add.
808 2887 933 2943 κατὰτὰ
954 2892 988 2957 Θ,
1004 2895 1033 2944 Κ
1055 2909 1100 2959 ση-

90 2970 153 3028 μεῖα
172 2958 221 3015 καί
238 2979 275 3025 m,
294 2978 329 3013 m.
345 2976 397 3013 ree.
413 2958 445 3011 V.
505 2959 572 3012 Post
592 2959 636 3028 ἴση
656 2978 709 3015 ras.
731 2968 745 3013 1
765 2960 820 3014 litt.
839 2960 872 3014 V.
933 2964 1009 3014 Κ-
1026 2967 1051 3016 3.
1067 2962 1101 3032 A]

90 3030 141 3100 μὲν
159 3032 214 3086 ὑπὸ
235 3034 316 3086 ΒΖΘ
339 3027 427 3099 γωνία
446 3033 508 3097 (om.
526 3030 559 3098 V)
582 3041 614 3101 τῇ
638 3032 693 3086 ὑπὸ
713 3036 810 3097 ΔΖΚ,
838 3031 856 3100 ἡ
880 3027 912 3083 ὁὶ
934 3032 993 3086 ὑπὸ
1014 3035 1101 3087 ΒΗΘ

89 3111 122 3174 τῇ
141 3103 195 3157 ὑπὸ
216 3105 306 3156 ΕΗΚ
322 3120 362 3169 ιο,
386 3120 422 3154 m.
442 3117 495 3153 rec.
515 3100 547 3154 V.
639 3108 663 3156 3.
683 3101 726 3171 εἴη
752 3135 776 3142 -
800 3108 823 3156 7.
844 3100 929 3224 ἐστίρὶ]
948 3100 1053 3170 μείζων
1071 3101 1101 3158 δὲ

89 3173 107 3242 ἡ
125 3175 181 3228 ὑπὸ
197 3176 278 3228 ΒΖΘ
296 3171 384 3242 γωνία
403 3180 451 3240 τῆς
468 3172 523 3225 ὑπὸ
538 3174 630 3238 (ΒΖΘ
642 3205 674 3212 -
686 3173 740 3227 ὑπό
754 3177 853 3242 postea
867 3172 905 3225 ad
926 3179 988 3243 .m)
1004 3177 1102 3241 ΒΗΘ,

90 3243 133 3314 εἴη
152 3243 189 3299 ἂν
207 3245 255 3298 καὶ
275 3244 291 3313 ἡ
310 3244 364 3298 ὑπὸ
384 3247 471 3297 ΔΖΚ
492 3240 590 3310 μείζων
613 3252 662 3311 τῆς
680 3245 735 3298 ὑπὸ
756 3248 846 3298 ΒΗΚ
866 3262 908 3311 m,
935 3262 973 3300 m.
993 3262 1049 3299 rec.
1069 3246 1100 3299 V.

125 3322 150 3370 4.
170 3315 244 3370 ἐστιν
262 3333 288 3369 ν.
361 3321 385 3369 5.
405 3317 497 3382 μεῖζον
516 3331 541 3381 v,
561 3331 628 3367 corr.
649 3333 685 3368 m.
705 3322 729 3369 ⁶2.
786 3313 859 3369 ἐστίν
877 3315 934 3369 Vv.
998 3322 1022 3372 6.
1043 3314 1101 3386 μεί-

90 3386 290 3508 wem.
308 3403 345 3438 m.
365 3392 389 3440 2.
461 3389 486 3439 8.
509 3386 571 3455 ΖΔ]
591 3390 644 3439 ΔΖ
663 3404 698 3438 m.
777 3393 800 3440 9.
821 3387 860 3457 ε’]
879 3386 909 3455 η’
925 3386 982 3442 Vv.
1060 3393 1100 3442 10.

206 3457 268 3527 ρον]
290 3464 340 3509 τοῦ
359 3454 474 3523 κέντρον
498 3474 538 3524 ιο,
566 3475 602 3510 m.
622 3472 675 3510 rec.
695 3457 727 3509 V.
821 3464 860 3510 ll.
885 3458 953 3530 θῇς]
977 3462 1044 3522 θείς
1067 3459 1101 3527 V,
