2334 3788
82 130 125 195 22
422 134 591 186 EUOLIDIS
610 134 747 187 OPTIOA.

69 274 151 340 ’ἐστὶ
174 274 229 340 καὶ
251 277 292 340 τὰ
314 281 356 360 A,
377 279 413 360 Γ,
432 282 464 342 E
485 289 611 362 σημεῖα,
639 276 676 341 ἐν
700 271 726 365 ᾤ
750 273 787 342 δὲ
809 278 849 341 τά
872 283 914 361 A,
935 281 970 360 Γ,
989 282 1033 361 Ε,
1058 277 1096 342 ἐν

82 384 188 471 τούτῳ
213 381 331 447 καὶτὰ
354 388 430 468 AB,
451 388 522 468 ΓΔ,
540 388 604 448 ΕΖ
627 383 766 468 μεγέθη,
795 385 831 449 τὸ
856 388 922 449 ΑΒ
946 385 1011 470 ἀρα
1034 393 1095 449 τοῦ

83 493 144 556 ΓΛ
167 494 409 576 μετεωρότερον
433 494 598 576 φαίνεται,
621 493 657 556 τὸ
682 487 719 555 δὲ
743 494 802 556 ΓΛ
825 501 885 556 τοῦ
908 497 981 556 ΕΖ.

558 666 615 734 ιδ’.

47 804 63 853 5
154 797 228 858 Τῶν
252 800 334 859 ἴσων
357 800 509 877 μεγεθῶν
531 791 586 857 καὶ
609 792 762 880 ἀνωτέρω
785 802 846 857 τοῦ
865 795 1010 878 ὄμματος
1028 817 1095 858 κει-

81 899 191 985 μένων
214 902 253 965 τά
276 904 390 987 πόρρω
414 904 627 987 ταπεινότερα
650 904 813 985 φαίνεται.

148 1010 230 1072 ἔστω
264 1014 319 1072 ἴσα
345 1007 470 1091 μεγέθη
503 1007 543 1071 τά
571 1012 651 1092 ΑΒ,
676 1011 751 1091 ΓΔ,
774 1012 838 1072 ΕΖ
870 1010 1094 1094 μετεωρότερον

80 1117 213 1199 κείμενα
231 1122 291 1177 τοῦ
311 1115 454 1198 ὄμματος
472 1123 532 1179 τοῦ
550 1118 594 1178 Η.
631 1113 727 1197 λέγω,
746 1115 796 1179 ὅτι
815 1115 852 1178 τὸ
867 1117 932 1177 ΑΒ
952 1121 1012 1177 τοῦ
1033 1117 1095 1178 ΓΔ

81 1223 313 1306 ταπεινότερον
341 1224 508 1305 φαίνεται,
540 1221 577 1284 τὸ
609 1217 646 1285 δέ
674 1224 734 1285 ΓΛ

28 1344 62 1395 10
81 1335 140 1392 τοῦ
166 1332 238 1391 ΕΖ.
283 1326 579 1413 προσπιπτέτωσαν
606 1326 735 1401 ἀκτῖνες
793 1323 831 1382 Α
877 1322 916 1382 Γ
965 1322 1004 1382 ,A

81 1435 119 1498 αῖ
134 1438 312 1520 ΗΒ,ΗΛ,
331 1437 408 1498 ΗΖ.
453 1432 521 1497 ἐπεὶ
545 1428 733 1514 οὖνὴΗΒ

81 1539 173 1616 ἀκτὶς
208 1550 266 1624 τῆς
297 1545 370 1605 HA
406 1539 475 1604 ἔστι
511 1537 734 1624 ταπεινοτέρα,
823 1538 825 1543 ’

80 1643 163 1728 ἡδέ
180 1650 253 1710 HA
274 1656 332 1730 τῆς
351 1650 429 1729 ΗΖ,
453 1645 525 1711 ἀλλ’
545 1639 626 1733 ε’νῷ
649 1647 734 1710 εἰσιν

81 1755 119 1817 αἱ
143 1757 226 1838 ΗΒ,
250 1757 332 1838 HA,
354 1757 437 1835 HZ,
470 1751 508 1817 ἔν
534 1754 639 1840 τούτῳ
664 1751 733 1817 ἐστὶ

28 1875 61 1925 15
79 1859 135 1925 καὶ
162 1862 202 1925 τά
225 1865 268 1944 Β,
291 1867 340 1943 A,
364 1865 392 1924 Ζ
420 1872 551 1945 σημεῖα,
579 1859 614 1926 ἔν
643 1853 669 1948 ᾦ
697 1857 734 1924 δὲ

80 1968 121 2031 τά
151 1973 195 2051 Β,
224 1973 271 2052 A,
300 1972 344 2051 Ζ,
386 1967 422 2032 ἔν
459 1968 564 2055 τούτῳ
602 1966 657 2032 καὶ
693 1968 733 2031 τά

80 2077 161 2157 AB,
181 2078 254 2156 ΓΛ,
273 2078 336 2138 ΕΖ
359 2073 493 2158 μεγέθη,
521 2075 558 2138 τὸ
582 2071 643 2159 μέν
666 2078 731 2138 ΑΒ

80 2181 144 2262 ἀρα
171 2189 231 2244 τοῦ
259 2183 320 2245 ΓΔ
352 2183 584 2266 ταπεινότερον
612 2183 780 2265 φαίνεται,
812 2183 849 2246 τὸ
877 2178 914 2245 δὲ
943 2186 1002 2246 ΓΛ
1031 2191 1092 2247 τοῦ

79 2291 143 2351 ΕΖ
169 2287 417 2373 [ταπεινότερόν
440 2286 554 2371 ε’στιν].

27 2498 63 2547 20
560 2489 611 2529 ιε.

138 2587 219 2655 Ὅσα
242 2589 394 2674 ἀλλήλων
415 2589 566 2674 ὑπερέχει
588 2589 654 2654 ὑπὸ
677 2591 714 2654 τὸ
738 2590 818 2655 αὐτὸ
843 2591 930 2674 όμμα
948 2593 1092 2675 κείμενα,

79 2699 277 2782 προσιόντος
303 2694 363 2782 μὲν
391 2706 451 2762 τοῦ
479 2699 623 2781 όμματος
650 2699 773 2780 μείζονι
798 2699 909 2780 μεῖζον
931 2698 968 2761 τὸ
991 2697 1092 2783 ὑπερ-

80 2808 284 2888 φαινόμενον
307 2807 470 2888 φαίνεται,
494 2802 650 2878 ἀπιόντος
673 2799 709 2866 δέ
733 2802 895 2867 ἔλάσσονι.

146 2914 228 2975 ἔστω
248 2910 310 2975 δύο
329 2912 428 2975 ἀνισα
446 2907 570 2992 μεγέθη
589 2909 629 2973 τὰ
647 2914 679 2973 Α
684 2913 724 2991 Β,
740 2912 809 2992 ΓΔ,
827 2913 937 2993 μειζον
956 2906 993 2974 δὲ
1007 2913 1090 2975 ἔστω

26 3031 61 3080 25
80 3019 117 3082 τὸ
132 3022 208 3100 AB,
233 3019 320 3101 ὄμμα
339 3013 376 3080 δὲ
394 3019 476 3080 ἔστω
494 3017 532 3080 τὸ
547 3021 586 3098 Ε,
610 3014 669 3099 ἀφ’
692 3011 732 3081 οὗ
749 3015 980 3101 προσπιπτέτω
1000 3015 1093 3094 ἀκτὶς

79 3124 135 3188 ὃιά
158 3132 218 3188 τοῦ
238 3122 307 3205 Γὴ
331 3127 403 3187 ΕΖ.
441 3120 510 3186 ἐπεὶ
533 3118 596 3187 οὖν
617 3121 683 3187 ὑπὸ
706 3131 765 3186 τοῦ
789 3124 934 3206 όμματος
955 3121 1011 3188 καὶ
1034 3133 1094 3208 τῆς

79 3235 142 3295 ΕΖ
161 3230 293 3304 ἀκτῖνος
311 3229 351 3292 τά
371 3233 443 3312 ΖΒ,
463 3232 524 3292 ΓΛ
543 3231 706 3312 φαίνεται,
729 3229 767 3293 τὸ
786 3233 851 3293 ΑΒ
871 3231 936 3315 ἀρα
954 3240 1014 3295 τοῦ
1031 3235 1092 3295 ΓΔ

152 3428 174 3477 1.
199 3419 271 3493 ἔστί]
291 3418 344 3474 εἰσί
361 3439 397 3474 m.
491 3424 517 3474 Γ
527 3421 600 3491 (pr.)]
626 3423 659 3473 Ν
673 3439 698 3474 τ.
790 3412 823 3493 ᾧ]
843 3416 885 3483 οἷς
903 3439 944 3491 m,
968 3438 1036 3476 corr.
1057 3437 1093 3475 ex

68 3485 144 3558 9517,
235 3498 267 3561 23
288 3493 331 3564 E]
351 3508 365 3546 e
385 3509 453 3547 corr.
472 3493 505 3546 V.
597 3498 620 3546 2.
640 3492 749 3554 τούτοις
766 3509 802 3545 m.
894 3499 917 3546 3.
945 3493 1092 3566 ΓΔ(ο1τ.)]
