2334 3788
319 139 530 191 0111111111
546 137 728 191 secanam
745 138 912 190 rnnoms.
1060 131 1122 198 187

111 284 227 349 ductus
251 282 322 348 erit.
360 303 438 367 ergo
460 281 737 365 hemisphaerium
754 283 884 345 tantum
903 279 1058 364 sphaerae
1081 279 1122 343 ab

112 389 214 455 oeulis
240 393 277 474 Z,
295 392 326 452 Λ
350 392 506 454 cernetur.

179 652 214 719 Si
233 653 389 719 distantia
408 654 577 719 oculorum
595 652 753 717 diametro
772 651 926 736 sphaerae
946 649 1050 714 maior
1065 652 1124 735 est,

112 782 194 845 quae
218 759 360 825 cernitur
381 783 457 845 pars
481 761 647 844 sphaerae,
670 757 774 822 maior
792 757 854 822 erit
874 754 1122 841 hemisphaerio.

179 866 223 930 sit
245 867 332 930 enim
355 867 506 952 sphaera,
534 867 625 931 cuius
648 870 796 930 centrum
819 863 863 928 sit
886 867 932 947 K,
955 863 1123 928 oculorum

111 978 221 1038 autem
249 973 404 1038 distantia
428 973 471 1037 sit
494 976 562 1037 ΒΓ
584 973 687 1037 maior
711 972 868 1036 diametro
893 969 1060 1053 sphaerae,
1088 973 1123 1032 et

716 1100 774 1162 per
810 1080 845 1140 K
879 1081 912 1140 et
948 1077 1017 1140 ΒΓ
1050 1073 1121 1158 pla-

715 1204 794 1247 num
812 1182 1009 1265 producatur
1033 1185 1066 1245 et
1086 1180 1122 1245 in

717 1289 853 1373 sphaera
862 1288 1126 1352 circulumAZN

716 1394 853 1480 efficiat,
889 1394 1034 1477 radiique
1069 1394 1122 1458 ad-

715 1502 825 1567 cidant
868 1506 948 1586 BA,
981 1504 1045 1565 ΓΖ
1086 1499 1122 1564 in

716 1631 781 1673 uno
799 1613 920 1692 puncto
939 1611 1121 1692 tangentes.

717 1716 893 1798 productae
916 1712 1018 1799 igitur
1035 1713 1121 1777 inter

716 1843 750 1885 se
768 1821 947 1904 concident,
967 1819 1120 1902 quoniam

716 1930 784 1991 ΒΓ
793 1926 950 1990 diametro
965 1925 1120 2010 sphaerae

110 2032 214 2097 maior
237 2036 295 2104 est.
333 2030 504 2096 concidant
526 2030 629 2116 igitur
646 2031 682 2094 in
699 2035 821 2117 puncto
842 2036 879 2096 Θ.
911 2032 1021 2114 itaque
1045 2052 1122 2114 quo-

110 2139 199 2202 niam
232 2161 251 2202 a
281 2141 403 2222 puncto
433 2141 463 2201 Θ
493 2141 599 2201 rectae
634 2141 712 2222 ΘΖ,
738 2141 806 2201 ΘΛ
836 2136 872 2199 in
903 2158 968 2201 uno
997 2140 1120 2221 puncto

111 2245 336 2330 contingentes
360 2243 557 2326 adciderunt,
581 2248 683 2309 ZNA
706 2242 910 2309 semicirculo
933 2243 1040 2308 minor
1058 2248 1121 2329 est3

109 2373 186 2416 nam
209 2350 320 2436 anguli
346 2352 454 2435 ΘΖΚ,
470 2352 571 2442 ΘΑΚ
590 2350 671 2416 recti
690 2355 774 2415 sunt,
806 2371 885 2435 ergo
904 2372 978 2433 pars
997 2350 1121 2435 reliqua

111 2458 280 2543 sphaerae,
316 2479 397 2540 quae
430 2480 449 2520 a
480 2461 561 2539 ΒΛ,
586 2460 652 2521 ΓΖ
689 2457 844 2543 cernitur,
880 2457 1120 2542 hemisphaerio

110 2563 214 2627 maior
237 2568 294 2628 est.
623 2577 624 2580 ’

589 2671 641 2734 27.

178 2773 213 2838 si
232 2775 386 2840 distantia
406 2775 574 2840 oculorum
593 2776 750 2841 diametro
771 2776 925 2861 sphaerae
941 2777 1047 2841 minor
1061 2781 1121 2860 est,

110 2903 193 2966 quae
217 2880 359 2945 cernitur
381 2903 456 2964 pars
480 2882 648 2966 sphaerae,
670 2882 777 2946 minor
800 2888 850 2947 est
872 2882 1120 2966 hemisphaerio.

178 2987 222 3052 sit
249 2987 335 3051 enim
359 2988 509 3072 sphaera,
536 2988 626 3052 euius
655 2993 802 3053 centrum
825 2989 869 3052 sit
892 2991 937 3073 K,
964 2988 1121 3054 distantia

110 3101 220 3160 autem
244 3094 412 3159 oculorum
436 3093 479 3159 sit
501 3097 570 3159 ΒΓ
589 3094 695 3160 minor
718 3084 876 3158 diametro
900 3093 1065 3179 sphaerae,
1088 3099 1121 3158 et

109 3224 166 3285 per
189 3205 225 3265 K
248 3206 281 3265 et
304 3203 373 3265 ΒΓ
394 3200 527 3284 planum
553 3200 751 3284 producatur
779 3204 811 3265 et
839 3200 873 3263 in
902 3200 1038 3283 sphaera
1062 3199 1121 3265 cir-

146 3433 186 3480 17.
206 3427 274 3481 Post
293 3425 346 3497 γάρ
366 3426 633 3482 add.d1rdm.ree.
653 3425 687 3482 V.
754 3427 813 3481 sice
830 3446 858 3496 p.
930 3432 973 3483 25.
994 3426 1124 3497 ἔλαττονῙ

109 3517 165 3551 -vc-
184 3497 214 3550 in
232 3515 285 3552 ras.
305 3517 341 3553 m.
362 3506 375 3551 1
396 3499 429 3553 V.
502 3503 544 3553 27.
564 3495 673 3553 ποιείτο
690 3516 721 3554 u.
792 3497 953 3569 stateem.
969 3497 1119 3548 unffi.
