2334 3788
61 110 129 174 212
272 113 483 164 omconnu
500 113 678 164 nmmo
695 114 863 166 mons.

62 256 154 321 ἐστιν
177 261 243 338 ίση,
267 255 286 338 ἡ
309 253 346 320 δὲ
368 257 452 338 πρὸς
474 266 520 344 τῳ
543 261 581 320 Π
600 267 639 342 τῇ
666 257 732 322 ὑπὸ
755 260 869 321 ΑΕΒ·
893 261 1015 342 μείζων
1038 254 1077 321 ὁὶ

63 361 81 444 τ’,
107 367 136 427 0
161 368 222 445 ’τῆς
248 367 293 426 ΙΙ.
341 366 460 446 μείζων
486 365 552 447 ἄρα
577 366 759 447 φανήσεται
785 364 806 446 ή
827 367 900 428 ΗΘ
925 373 985 446 τῆς
1007 368 1076 428 ΑΒ

61 469 203 544 εὐθείας.

128 595 188 677 Μή
220 595 303 657 ἔστω
336 593 378 676 δή
409 596 528 676 μείζων
556 593 577 674 ή
604 593 668 657 ἀπὸ
695 603 756 657 τοῦ
783 596 928 678 ὄμματος
954 591 1008 657 ἐπὶ
1036 594 1075 657 τὸ

26 699 199 781 ῠκέντρον
218 698 472 783 ἐπιζευγνυμένη
495 709 553 782 τῆς
573 699 609 764 ἐκ
627 709 687 763 τοῦ
704 698 855 784 κέντρου,
877 699 961 764 ἀλλὰ
979 698 1075 764 ἐλάσ-

60 823 144 871 σων·
167 809 258 870 ἔσται
281 806 323 889 δή
345 804 421 889 περὶ
443 807 502 882 τὰς
522 804 719 890 διαμέτρους
736 806 946 871 τούναντὼν·
970 805 1074 888 ἡγὰρ

60 914 133 976 τότε
159 915 278 995 μείζων
304 923 372 975 τῶν
400 910 586 996 διαμέτρων
612 922 678 977 νῦν
705 912 854 978 ἐλάσσων
879 913 1075 996 φανήσεται,

61 1018 81 1101 ἡ
105 1015 141 1082 δὲ
161 1017 310 1083 ἐλάσσων
327 1021 455 1102 μείζων.
491 1021 574 1084 ἔστω
594 1021 714 1095 κύκλος
736 1019 755 1084 ὁ
778 1021 922 1100 ΑΒΓΔ,
944 1016 1000 1081 καὶ
1024 1019 1074 1083 dt·

60 1126 221 1209 ήχθωσαν
243 1126 306 1189 δύο
329 1125 498 1210 διάμετροι
514 1124 691 1209 τέμνουσαι
709 1125 853 1207 ἀλλήλας
869 1125 953 1210 πρὸς
966 1123 1075 1209 ὀρθὰς

19 1245 43 1292 ,ο
61 1233 99 1295 αί
114 1235 277 1314 ΛΒ,ΓΔ,
300 1230 393 1317 ἑτέρα
411 1230 452 1296 ὅέ
466 1256 516 1309 τις
533 1233 663 1316 διήχθω
681 1231 701 1314 ή
719 1236 801 1315 ΗΘ,
818 1234 906 1316 ὄμμα
924 1229 961 1295 δέ
979 1233 1017 1296 τὸ
1033 1236 1073 1314 Ε,
1111 1272 1116 1291 2

62 1334 121 1420 ἀφ’
142 1333 183 1401 οὗ
206 1336 227 1419 ή
250 1335 303 1401 ἐπὶ
326 1339 363 1402 τὸ
388 1342 415 1401 Ζ
442 1336 581 1423 κέντρον
604 1338 830 1421 ἐπιζευχθεῖσα
858 1341 940 1402 ἔστω
965 1337 984 1420 ή
1008 1342 1073 1402 ΕΖ

61 1442 211 1507 ἐλάσσων
243 1439 326 1509 οὖσα
358 1442 512 1530 ἑκατέρας
542 1457 610 1509 τῶν
641 1445 676 1508 ἐκ
708 1453 768 1508 τοῦ
799 1442 954 1529 κέντρου,
989 1446 1073 1529 πρὸς

61 1547 169 1632 ὀρθάς
190 1545 227 1612 δὲ
250 1561 290 1635 τῇ
314 1553 375 1615 ΓΔ
397 1553 479 1615 ἔστω
502 1550 523 1633 ή
546 1555 620 1632 ΕΖ,
647 1549 703 1614 καί
724 1555 849 1615 κείσθω
871 1562 912 1637 τῇ
933 1560 994 1615 τοῦ
1015 1552 1073 1615 κύ-

61 1660 143 1720 κλου
172 1655 335 1743 διαμέτρῳ
364 1661 418 1738 ίση
444 1656 465 1738 ἡ
496 1660 577 1721 ΛΜ
602 1655 658 1720 καί
684 1657 857 1740 τετμήσθω
887 1657 964 1740 δίχα
990 1659 1073 1721 κατὰ

19 1776 43 1823 λε’)
62 1762 99 1826 τὸ
118 1766 163 1844 Ν,
185 1759 241 1826 καὶ
263 1761 401 1845 άνήχθω
424 1762 488 1827 άπὸ
511 1772 571 1826 τοῦ
589 1768 628 1827 Ν
645 1764 729 1848 πρὸς
755 1762 861 1846 ὀρθὰς
882 1762 903 1845 ἡ
926 1768 966 1827 Ν
967 1764 997 1835 Ξ
1018 1770 1073 1846 ίση

61 1877 101 1954 τῇ
129 1873 207 1951 ΕΖ,
238 1865 294 1932 καὶ
321 1868 578 1954 περιγεγράφθω
605 1866 681 1954 περὶ
708 1871 769 1951 τήν
797 1873 877 1933 ΛΜ
897 1867 953 1933 καὶ
980 1871 1018 1934 τὸ
1046 1871 1076 1942 Ξ

62 1987 198 2059 σημεῖον
213 1984 321 2059 τμῆμα
337 1975 461 2039 κύκλου
475 1976 512 2038 τὸ
526 1975 649 2045 ΛΞΜ·
673 1978 762 2040 ἔσται
781 1975 823 2058 δή
841 1979 982 2040 ἔλασσον
999 1975 1074 2059 ἡμι-

60 2085 213 2164 κυκλίου,
246 2081 418 2167 ἐπειδήπερ
446 2080 467 2163 ή
495 2086 534 2145 Ν
536 2081 566 2153 Ξ
594 2081 742 2146 ἐλάσσων
770 2080 838 2146 ἐστὶ
865 2091 923 2164 τῆς
950 2081 985 2146 ἐκ
1012 2091 1074 2146 τοῦ

60 2187 209 2271 κέντρου.
246 2191 336 2252 ἔσται
355 2186 435 2270 ὂήή
458 2189 541 2273 πρὸς
563 2198 609 2275 τῷ
629 2188 659 2259 Ξ
679 2191 800 2276 σημείῳ
820 2191 925 2270 γωνία
943 2189 963 2271 ή
981 2211 1073 2274 περι-

19 2306 44 2354 ιυ
62 2293 199 2377 εχομένη
226 2293 291 2357 ὑπὸ
324 2305 391 2358 τῶν
419 2294 532 2366 ΛΞΜ
561 2300 615 2377 ίση
645 2304 684 2380 τῇ
716 2295 799 2380 πρὸς
829 2304 875 2381 τῳ
907 2299 951 2376 Ε,
982 2317 1074 2381 περι·

62 2399 199 2483 εχομένη
223 2396 259 2462 δὲ
282 2398 347 2463 ὑπὸ
370 2410 438 2464 τῶν
462 2402 572 2464 ΓΕΛ.
623 2404 670 2465 ἔτι
697 2405 820 2465 κείσθω
846 2410 886 2486 τῇ
913 2401 978 2465 ὑπὸ
1006 2414 1074 2466 τῶν

62 2510 171 2568 ΕΖΗ
200 2511 254 2588 ίση
282 2505 302 2587 ή
329 2505 394 2569 ὑπὸ
417 2516 485 2568 τῶν
509 2509 627 2589 ΛΝΟ,
659 2506 714 2570 καὶ
737 2507 923 2591 ἀφῃρήσθω
946 2516 987 2591 τῇ
1009 2512 1073 2570 ΕΖ

63 2617 117 2694 ίση
140 2611 161 2692 ἡ
180 2617 259 2694 ΝΟ,
282 2609 337 2674 καλ
361 2612 617 2696 περιγεγράφθω
641 2612 715 2699 περὶ
736 2615 797 2697 τὴν
816 2618 896 2677 ΛΜ
913 2612 968 2676 καὶ
986 2615 1024 2678 τὸ
1046 2618 1074 2678 0

63 2730 199 2802 σημεῖον
216 2719 253 2781 τὸ
273 2721 388 2781 ΛΟΜ
404 2727 520 2802 τμῆμα.
557 2718 577 2800 ἡ
597 2721 743 2805 δήπρὸς
761 2729 806 2807 τῳ
822 2724 850 2784 O
869 2722 990 2806 σημείῳ
1009 2744 1073 2801 γω-

19 2837 44 2884 ίῠ
63 2827 119 2888 νία
147 2823 167 2904 ή
194 2822 407 2909 περιεχομένη
434 2823 499 2888 ὑπὸ
526 2837 593 2890 τῶν
622 2830 736 2890 ΛΟΜ
760 2832 813 2909 ἴση
838 2824 905 2890 ἐστὶ
930 2835 969 2911 τῇ
992 2828 1075 2911 πρὸς

63 2940 109 3018 τῳ
133 2935 164 2994 Ε
185 2940 224 3015 τῇ
247 2929 459 3017 περιεχομένη
482 2932 547 2996 ὑπὸ
571 2943 638 2996 τῶν
664 2937 774 2996 ΘΕΗ.
816 2935 863 2997 ἔτι
886 2935 1009 2996 κείσθω
1034 2943 1074 3017 τῇ

62 3037 128 3102 ὑπὸ
161 3048 229 3102 τῶν
257 3042 339 3121 ΛΖ,
364 3042 428 3100 ΖΕ
459 3043 513 3120 ἴση
545 3039 565 3120 ἡ
597 3038 662 3102 ὑπὸ
694 3049 761 3101 τῶν
793 3042 877 3119 ΛΝ,
900 3042 989 3122 ΝΠ,
1018 3036 1074 3102 καὶ

137 3183 160 3230 1,
181 3178 274 3244 μεῖζον
288 3195 313 3231 v.
370 3183 393 3230 2.
414 3179 506 3244 μεῖζον
521 3195 546 3229 ν.
602 3184 626 3230 3.
647 3175 773 3247 εὐθείας]
789 3175 891 3245 γωνίας
904 3178 938 3245 V,
958 3175 1075 3239 εὐθείας

63 3244 166 3315 γωνίας
184 3266 233 3315 pv.
322 3254 346 3301 4.
367 3247 472 3315 μ’λίν,
497 3248 588 3315 μοιή).
676 3255 698 3302 7.
729 3250 821 3314 μεῖζον
840 3267 865 3301 v.
952 3255 994 3302 11.
1015 3248 1075 3302 ἐπι-

64 3319 205 3390 ζευχθῆσα
223 3337 248 3372 τ.
314 3324 355 3371 18.
376 3316 449 3372 ἐστίν
468 3318 523 3371 Vv.
592 3325 632 3372 19.
651 3320 700 3391 τῷ]
719 3318 749 3372 τό
769 3337 793 3372 v.
867 3325 908 3373 22.
928 3319 958 3389 ἡ]
979 3336 1032 3373 om.
1048 3338 1073 3373 v.

100 3391 266 3513 Ξ4,Ιτμήμα]
285 3398 377 3459 τμῆμα
397 3390 499 3443 κύκλον
518 3407 545 3458 p.
626 3396 668 3443 25.
687 3391 717 3460 ἡ]
737 3407 821 3459 supra
841 3408 890 3444 scr.
910 3409 946 3443 m.
966 3407 1019 3444 rec.
1040 3391 1073 3445 V.

115 3478 174 3514 στιν
223 3478 248 3513 v.
