2334 3788
77 109 121 172 36
417 111 587 163 EUOLIDIS
606 111 745 164 OPTICA.

77 256 245 337 δοκοῦσιν,
268 254 486 319 ὑποκάτωθεν
510 251 541 318 δ’
562 254 674 330 εύθείς
697 249 793 338 εἶναι,
816 251 871 319 καὶ
889 255 927 319 αί
944 251 1033 318 σκιαλ
1052 251 1091 319 δέ

76 372 144 426 τῶν
166 364 290 447 κρίκων
318 360 355 426 έν
382 371 427 450 τῳ
452 360 540 449 αὐτῷ
565 359 707 448 ἐπιπέδῳ
730 359 890 446 κειμένων
917 370 962 444 τῷ
986 365 1090 445 φωτί-

78 472 166 547 ζοντι
189 468 319 533 εὐθεῖαι
342 470 501 550 γίνονται.

504 643 655 720 ’Ἁλλως

41 778 58 827 5
142 767 218 835 Ἐδτν
241 769 277 834 έν
300 778 346 856 τῷ
369 769 458 856 αὐτῷ
483 766 624 856 ἐπιπέδῳ
648 779 694 857 τῳ
718 771 838 854 ὄμματι
855 769 979 834 κύκλον
998 789 1089 854 περι-

77 874 194 962 φέρεια
217 883 310 960 τεθῇ,
333 876 448 940 εὐθεῖα
471 877 603 960 γραμμὴ
626 876 647 959 ἡ
670 885 730 941 τοῦ
748 877 873 941 κύκλου
896 873 1089 961 περιφέρεια

77 985 241 1067 φαίνεται.

144 1092 227 1154 ἔστω
259 1091 384 1155 κύκλον
415 1111 506 1175 περι-
558 1095 590 1155 B

77 1193 194 1282 φίθεια
216 1194 237 1278 ἡ
260 1197 332 1277 ΒΓ,
359 1197 445 1279 ὄμμα
470 1191 507 1258 δὲ
591 1122 1080 1450 &A

25 1310 59 1359 10
77 1305 160 1367 ἔστω
182 1303 219 1366 τὸ
237 1306 271 1365 A
290 1300 325 1365 έν
348 1310 393 1388 τῳ
417 1301 505 1389 αὐτῷ

77 1405 218 1495 ἐπιπέδῳ
234 1407 506 1493 ὄντῂΒΓπερι-
568 1413 599 1472 Γ

77 1516 208 1599 φερείγ,
244 1510 303 1597 ἀφ’
333 1509 374 1579 οὗ
405 1531 508 1600 προσ-

76 1617 285 1684 πιπτέτωσαν
312 1621 406 1697 ὄφεις
432 1621 469 1684 αί
483 1624 561 1701 AB,
584 1624 617 1682 Δ
624 1622 662 1702 Ζ,
684 1624 717 1682 A
724 1621 759 1683 Γ.
810 1618 949 1702 οὐκοῦν,
976 1618 1088 1702 ἐπειδὴ

77 1735 145 1791 τῶν
173 1724 352 1811 ὁρωμένων
380 1723 479 1791 ούδέν
511 1726 591 1791 ὅλον
620 1725 686 1808 ἅμα
716 1725 847 1811 δρᾶται,
878 1725 994 1790 εὐθεῖα
1026 1727 1089 1811 ὄρα

26 1842 60 1892 15
80 1829 309 1915 έστὶνὴΒΖ.
356 1833 477 1917 ὁμοίως
504 1833 545 1916 δὴ
573 1829 628 1896 καὶ
655 1831 675 1915 ἡ
700 1834 768 1896 ΖΓ.
814 1832 873 1914 ὅλη
896 1834 960 1918 ἄρα
983 1832 1003 1915 ἡ
1027 1835 1095 1896 ΒΓ

77 1936 270 2026 περιφέρεια
294 1939 410 2004 εὐθεῖα
433 1936 531 2017 δόξει.

551 2139 614 2198 κγ.

146 2243 302 2325 Σφαίρας
320 2239 579 2323 δπωσδηποτούν
598 2237 766 2326 δρωμένης
778 2238 844 2304 ὑπὸ
859 2237 933 2316 ἑνὸς
946 2240 1091 2324 ὄμματος

79 2348 221 2411 ἔλασσον
248 2343 299 2410 ἀεὶ
326 2346 545 2432 ἡμισφαιρίου
569 2349 736 2431 φαίνεται,
769 2345 850 2411 αύτὸ
878 2343 915 2410 δέ
941 2347 978 2410 τὸ
1006 2346 1089 2432 ὁρώ-

26 2463 61 2514 20
80 2477 181 2538 μενον
204 2462 261 2536 τῆς
283 2455 428 2538 σφαίρας
450 2450 548 2539 μέρος
569 2453 693 2517 κύκλον
717 2451 909 2539 περιφέρεια
927 2456 1089 2537 φαίνεται.

146 2563 227 2625 ἔστω
251 2570 387 2645 σφαῖρα,
410 2554 449 2642 ἧς
471 2558 609 2644 κέντρον
631 2555 692 2642 μέν
714 2561 751 2624 τὸ
774 2566 817 2643 A,
840 2560 927 2643 ὄμμα
950 2556 988 2624 δέ
1006 2563 1088 2624 ἔστω

80 2668 118 2732 τὸ
141 2670 180 2731 Β.
225 2664 281 2730 καὶ
304 2665 488 2749 ἐπεζεύχθω
511 2664 532 2748 ἡ
554 2668 636 2747 AB,
659 2663 714 2729 καὶ
737 2664 948 2749 ἐκβεβλήσθω
972 2667 1009 2730 τὸ
1033 2667 1089 2730 διὰ

80 2781 139 2856 τῆς
156 2777 219 2837 BA
238 2773 402 2838 ἐπίπεδον.
438 2774 568 2855 ποιήσει
587 2766 650 2836 ούν
668 2772 772 2855 τομὴν
789 2772 921 2836 κύκλον.
955 2775 1087 2837 ποιείτω

79 2879 139 2944 τὸν
153 2882 295 2945 ΓΔΘΗ
308 2880 441 2961 κύκλον,
459 2874 602 2962 καὶπερὶ
621 2877 798 2964 διάμετρον
816 2880 876 2962 τὴν
890 2882 956 2942 ΑΒ
970 2879 1090 2956 κύκλος

28 2994 62 3046 25
82 2985 265 3072 γεγράφθω
290 2985 308 3050 ὁ
332 2988 435 3067 ΓΒΛ,
459 2981 514 3048 καλ
536 2983 784 3068 ἐπεζεύχθωσαν
807 2985 936 3049 εὐθεῖαι
959 2986 997 3048 αί
1018 2988 1089 3068 ΓΒ,

80 3096 157 3176 ΒΛ,
179 3098 260 3174 ΑΔ,
282 3093 357 3155 ΑΓ.
412 3088 480 3154 ἐπεὶ
507 3085 570 3156 οὖν
596 3088 793 3174 ἡμικύκλιόν
820 3090 888 3156 ἐστι
915 3091 952 3155 τὸ
978 3094 1089 3174 ΑΓΒ,

80 3196 168 3283 ὀρθὴ
186 3200 291 3280 γωνία
310 3193 400 3262 έστλν
418 3195 439 3279 ἡ
452 3195 517 3260 ὑπὸ
531 3201 564 3259 Α
570 3199 645 3261 ΓΒ·
665 3196 786 3281 ὁμοίως
802 3194 857 3261 καλ
870 3196 891 3280 ἡ
905 3197 970 3262 ὑπὸ
984 3201 1089 3263 ΒΔΑ.

154 3393 177 3440 1.
197 3389 312 3442 δοκοῦσι
330 3405 355 3442 v.
429 3388 535 3514 εύθεῖργ
555 3391 631 3451 -θεῑς
649 3387 679 3442 in
697 3405 751 3442 ras.
770 3388 804 3457 V,
824 3389 935 3452 εύσθεῖς
953 3408 978 3457 v,
1003 3388 1090 3446 εόθέσ

81 3456 202 3512 Vat.¹m.
281 3465 305 3514 4.
326 3458 424 3532 ἄλλως]
442 3460 486 3514 κε’
536 3459 702 3530 Vat.v(B?),
726 3459 813 3522 ἄλλως
830 3460 861 3514 τὸ
881 3460 949 3516 αύτό
967 3462 1088 3516 Vab.¹m.
