2334 3788
471 119 682 171 PRAEFATIO.
1030 116 1083 170 Vll

130 281 255 325 errores
288 284 366 326 uero
393 264 564 347 plerosque
596 263 731 347 retinui,
762 284 803 326 ne
836 262 913 345 quid
944 261 1082 325 utilitati

129 365 410 450 interpretationis
434 369 474 433 ad
494 367 651 434 Graecum
676 368 745 432 eius
768 369 1015 432 fundamentum
1035 390 1083 432 re-

130 473 331 539 stituendum
358 475 594 560 detraheretur,
620 496 759 553 errores,
786 474 842 558 qui
870 476 910 539 ad
937 475 1081 540 codicem

132 577 291 645 Graecum
322 581 435 646 referri
466 603 533 645 non
564 585 715 666 possunt,
747 582 935 665 plerumque
963 581 998 644 in
1031 583 1082 646 ad·

131 687 313 772 notatione,
336 710 410 753 raro
433 689 469 753 in
491 693 583 753 textu
607 688 784 753 emendaui.
825 686 981 772 descripsi
1003 688 1082 772 ipse.

88 809 174 872 L=
189 811 256 876 cod.
275 810 381 876 Musei
404 812 586 878 Britannici
616 810 698 877 Add.
724 812 850 896 17‚368.
900 812 986 876 inter
1019 810 1083 875 alia

131 916 360 982 mathematica
387 922 421 982 et
448 918 667 982 astronomica
689 918 745 982 fol.
769 918 921 983 60--69τ
949 919 1082 982 eandem

130 1023 431 1108 interpretationem
454 1023 562 1089 habet.
607 1025 697 1090 locos
720 1023 894 1088 nonnullos
917 1023 1053 1107 inspexi.

73 1146 119 1210 M
132 1178 173 1200 =
190 1149 258 1213 cod.
281 1147 466 1214 Marcianus
489 1149 545 1213 lat.
570 1149 634 1213 332
659 1170 683 1211 s.
701 1145 791 1211 XIII.
836 1147 972 1232 inspexi.

140 1288 189 1352 De
211 1289 338 1384 ratione
360 1289 478 1353 horum
501 1288 649 1354 codicum
672 1311 702 1352 u.
724 1287 907 1373 Prolegom.
929 1287 955 1352 I.

161 1444 202 1509 II.
232 1445 389 1512 Scholia
411 1446 451 1511 in
474 1445 614 1532 Optica
637 1446 805 1532 genuina
827 1469 844 1510 e
868 1447 939 1511 solo
962 1446 1029 1510 fere
1052 1445 1084 1510 V

71 1552 236 1636 desumpsi
263 1551 325 1640 (nr.
348 1554 392 1618 54
415 1554 513 1619 etiam
536 1554 571 1618 in
594 1551 690 1634 Vat.¹,
717 1575 765 1617 nr.
790 1554 831 1618 72
856 1558 889 1618 et
912 1555 954 1618 78
981 1553 1081 1616 etiam

70 1657 106 1720 in
128 1655 172 1743 A,
203 1681 251 1723 nr.
275 1661 316 1725 89
340 1682 357 1723 e
381 1660 451 1724 solo
475 1657 534 1746 A),
565 1659 623 1723 ubi
650 1659 800 1724 manibus
823 1659 869 1724 V*
891 1657 938 1724 Vb
961 1658 1005 1724 V1
1028 1657 1083 1744 VI,

71 1764 109 1827 de
134 1764 252 1849 quibus
274 1788 305 1829 u.
327 1763 359 1829 V
381 1789 412 1850 p.
431 1763 597 1850 XI-XlI,
617 1766 828 1849 neglegenter
851 1765 973 1849 scripta
997 1771 1080 1830 sunt.

70 1869 228 1934 nonnulla
262 1869 298 1933 in
330 1870 440 1935 codice
471 1871 576 1935 deleta
612 1870 665 1935 uel
696 1892 790 1935 erasa
827 1876 920 1957 sunt,
956 1872 1083 1937 minora

68 1975 241 2060 quaedam,
268 1998 350 2060 quae
379 1977 459 2041 satis
488 1981 577 2041 certo
602 1977 668 2062 legi
693 1999 761 2042 non
782 1982 948 2063 poterant,
978 1978 1080 2043 omisi.

73 2082 216 2146 dubitari
250 2104 319 2146 non
349 2087 475 2168 potest,
511 2083 590 2168 quin
626 2083 734 2148 omnia
766 2084 890 2148 scholia
928 2086 969 2149 ab
1000 2084 1081 2169 ipsis

69 2187 211 2252 librariis
231 2188 351 2253 codicis
371 2190 519 2274 profecta
542 2190 622 2275 sint;
645 2211 742 2273 quare
766 2191 895 2255 saeculo
914 2189 978 2254 Xll
1001 2191 1082 2254 anti-

70 2293 186 2376 quiora
207 2315 274 2357 non
297 2266 381 2359 sunt.

160 2432 217 2498 HI.
248 2435 288 2499 In
310 2434 538 2521 Optioorum
560 2436 787 2514 recensione
811 2437 992 2502 Theonis:

84 2557 116 2621 V
131 2588 174 2610 =
190 2559 258 2623 cod.
277 2558 382 2624 Uatio.
406 2557 460 2623 Gr.
479 2561 559 2645 204,
581 2559 715 2625 membr.
739 2582 763 2624 c.
781 2559 826 2645 X,
848 2561 886 2624 de
910 2583 973 2644 quo
996 2585 1027 2626 u.
1051 2563 1082 2627 V

126 2688 158 2749 p.
176 2662 249 2729 XII.
285 2663 402 2750 Optica
420 2665 520 2730 habet
538 2664 594 2730 fol.
608 2667 769 2732 42¹²—581
788 2689 886 2730 manu
903 2669 1081 2733 recentiore

128 2769 175 2857 (V
193 2793 235 2836 m.
254 2769 332 2858 rec.)
356 2776 509 2836 correcta

93 2919 114 2959 v
129 2926 171 2948 =
187 2896 256 2960 cod.
271 2895 378 2962 Uatia.
398 2894 452 2960 (ir.
474 2896 546 2981 191,
563 2896 673 2962 bomb.
688 2920 712 2961 s.
727 2895 940 2982 XHl—XIV,
959 2899 997 2962 de
1017 2921 1080 2982 quo

127 3024 157 3065 u.
186 3001 338 3087 Parthey,
360 3001 636 3068 Monatsberichte
660 3004 715 3067 der
739 3003 885 3068 Berliner
907 3002 1082 3069 Academie

128 3109 215 3174 1863
238 3132 269 3193 p.
289 3110 355 3174 374
365 3131 412 3192 sq.

87 3255 111 3316 P
127 3262 170 3284 ·-“
186 3232 253 3296 cod.
271 3231 375 3297 Paris,
394 3231 448 3297 Gr.
468 3235 566 3319 2390,
583 3234 732 3317 bombyc.
750 3254 775 3297 s.
789 3232 881 3318 XIII,
901 3258 929 3298 ιι.
949 3232 1112 3320 Omont,-a

125 3335 317 3427 Inventaire'
330 3337 363 3403 H
385 3363 415 3423 p.
435 3338 508 3403 251.
556 3338 671 3424 Optica
694 3339 795 3403 habet
820 3339 876 3403 fol.
895 3338 1086 3404 265-215.

127 3465 239 3508 omnes
262 3444 332 3529 ipse
356 3446 490 3512 contuli.
