2334 3788
458 113 737 166 PROLEGOMENA.
1043 109 1106 166 LIII

94 254 204 309 minora
223 257 252 308 et
270 254 362 309 minus
381 253 531 322 distantia,
556 270 573 307 a
592 251 722 308 concauis
742 251 854 307 omnino
873 252 1105 325 magnitudine*),

95 334 333 403 quemadmodum
351 334 574 389 demonstratum
593 336 644 389 est.

166 432 200 470 ex
224 414 355 469 concauis
380 413 500 484 speculis
530 414 566 467 ud
594 413 682 468 solem
704 414 804 485 positis
827 415 922 484 ignem
945 416 1104 470 accendere.

95 497 156 548 esto
184 511 339 550 concauum
366 494 511 564 speculum
533 496 606 565 uby,
636 495 678 548 sol
703 511 769 549 uero
793 497 862 564 ade,
891 497 1016 549 centrum
1038 512 1105 549 uero

94 574 203 644 speculi
220 583 239 644 t,
259 578 288 630 et
307 576 343 629 ab
363 575 457 643 aliquo
475 576 580 644 puncto
600 573 667 628 solis
686 577 719 628 ut
734 577 753 630 d
771 574 923 644 coniugata
942 591 1024 644 super
1043 591 1106 629 cen·

94 657 170 708 trum
183 656 244 710 cco
262 657 341 710 recta
359 656 495 710 trahatur.
524 653 633 708 incidat
647 656 742 708 autern
756 656 796 727 dp
812 653 909 708 radius
928 656 957 708 et
969 654 1104 725 refringe

93 736 141 789 tur
159 751 243 804 super
259 737 284 790 lc.
317 752 374 789 uon
394 738 488 789 autem
506 733 675 803 refringatur
693 750 776 802 super
790 737 915 788 centrum
933 741 951 788 t.
986 734 1105 804 angulus

94 813 170 869 enim
188 815 301 886 lydii),
329 815 379 883 qui
402 819 445 869 est
469 815 506 870 ad
526 812 794 883 circumferentiam,
821 813 912 867 minor
935 817 978 867 est
1001 814 1105 884 angulo

94 894 270 950 semicirculi.
299 897 329 949 et
342 897 402 950 esto
417 898 456 951 ob
473 892 606 964 periferia
620 892 729 960 equalis
743 895 759 948 b
763 912 781 965 p
797 892 936 962 periferie,
956 895 984 946 εὴ
997 892 1106 948 incidat

95 974 167 1028 alius
191 973 287 1028 radius
311 976 360 1030 dc.
406 975 589 1029 manifestum
611 976 655 1027 est
677 973 777 1042 igitur,
806 974 883 1041 quod
906 976 947 1028 du
969 973 1105 1028 refractus

93 1052 190 1108 ueniet
213 1069 296 1122 super
317 1054 349 1122 103
378 1053 521 1121 equalium
544 1053 619 1107 enim
641 1052 835 1122 periferiarum
859 1053 985 1107 eiusdem
1008 1053 1105 1107 circuli

94 1133 209 1203 equales
233 1135 300 1187 sunt
322 1133 428 1203 anguli.
475 1132 605 1187 similiter
633 1136 728 1186 autem
750 1132 1000 1202 demonstrabitur,
1029 1134 1105 1201 quod

94 1228 191 1267 omnes
209 1212 283 1267 radii
303 1231 320 1267 a
336 1216 441 1282 puncto
457 1216 475 1269 d
494 1212 607 1282 speculo
626 1210 782 1266 incidentes
800 1212 945 1280 inequales
959 1212 1105 1282 periferias

94 1291 336 1361 deprehendentes
356 1293 429 1348 circa
446 1296 554 1347 rectam
572 1294 603 1347 rb
626 1291 741 1346 refracti
764 1292 923 1347 coincident
941 1292 971 1347 in
990 1292 1106 1361 aliquod

92 1370 170 1425 idem
188 1374 324 1440 punctum
341 1375 417 1427 recte
435 1375 475 1428 tb.
509 1374 569 1426 esto
587 1389 683 1425 rursus
702 1389 856 1427 concauum
874 1373 1018 1442 speculum
1037 1376 1105 1446 bap,

94 1450 137 1505 sol
161 1467 228 1504 uero
253 1453 322 1520 dae,
351 1454 380 1505 et
403 1451 439 1505 ab
463 1451 559 1520 aliquo
582 1453 687 1520 puncto
711 1452 777 1506 solis
796 1455 860 1508 ute
882 1462 961 1522 pert
979 1457 1106 1508 centrum

94 1533 155 1585 esto
174 1530 270 1584 radius
289 1533 353 1600 etb,
377 1534 406 1586 et
425 1532 460 1585 ab
481 1530 545 1585 aliis
566 1531 674 1585 scilicet
693 1534 739 1587 dz
758 1532 815 1586 sint
830 1532 904 1586 radii
922 1535 979 1605 city
997 1537 1025 1588 et
1043 1542 1104 1590 atu.

94 1614 123 1664 et
137 1610 271 1678 quoniam
286 1628 380 1666 omnes
394 1611 468 1665 radii
483 1614 662 1666 transeuntes
675 1627 726 1680 per
735 1613 861 1665 centrum
870 1611 979 1666 faciunt
992 1613 1105 1681 equales

95 1689 214 1760 angulos
229 1691 267 1745 ad
280 1690 449 1761 periferiam,
467 1708 517 1760 pro
524 1694 552 1760 †)
572 1708 604 1745 eo
619 1690 760 1760 scilicet†)
774 1692 850 1759 quod
863 1691 973 1745 faciunt
987 1693 1105 1763 angulos

95 1769 341 1840 semicirculorum,
361 1787 456 1825 omnes
475 1770 666 1840 refringrmtur
685 1787 767 1840 super
781 1787 810 1824 se
824 1771 901 1840 ipsos
920 1772 957 1824 ad
971 1775 1104 1828 centrum.

94 1849 150 1903 hiis
179 1866 245 1920 ergo
268 1850 355 1904 radiis
378 1867 428 1920 per
450 1867 600 1904 concursus
625 1850 661 1903 ad
685 1851 803 1904 eandem
825 1853 936 1919 partem
960 1851 1104 1905 calefactis

95 1929 170 2000 ignis
190 1929 360 1985 accenditur.

165 2010 284 2065 eandem
307 2009 395 2064 citare
418 2009 531 2064 uidetur
552 2009 678 2079 Rogerus
701 2009 775 2061 Baco
800 2007 850 2075 Op.
870 2007 935 2062 mai.
954 2026 981 2076 p.
1002 2015 1048 2065 51:
1077 2013 1106 2065 et

93 2089 158 2145 ideo
178 2093 296 2160 oportet,
315 2093 348 2143 ut
367 2090 480 2158 speculo
500 2105 623 2144 concauo
642 2088 679 2142 ad
697 2087 785 2142 solem
802 2086 895 2156 posito
914 2087 989 2157 ignis
1009 2105 1105 2143 accen-

94 2169 190 2238 datur,
215 2169 288 2225 sicut
311 2168 381 2223 dicit
403 2169 504 2223 ultima
522 2167 677 2238 propositio
696 2167 762 2221 libri
781 2168 816 2222 de
835 2167 968 2236 speculis3
991 2187 1019 2238 p.
1039 2175 1105 2226 308:

95 2248 208 2318 speculo
223 2264 346 2302 concauo
362 2248 399 2301 ad
408 2248 495 2302 solem
508 2247 601 2317 posito
615 2247 689 2317 ignis
699 2247 869 2317 accenditur,
884 2251 916 2302 ut
926 2247 996 2302 dicit
1005 2249 1106 2303 ultima

93 2327 249 2399 propositio
269 2328 303 2382 de
323 2327 452 2398 speculis,
472 2327 580 2382 scilicet
597 2327 628 2381 in
645 2329 750 2396 puncto
770 2325 839 2396 axis,
859 2327 896 2380 ad
914 2328 1105 2395 quem‘reflec·

94 2410 192 2462 tuntur
210 2424 305 2462 omnes
324 2406 398 2460 radii
417 2407 638 2462 circumferentia
656 2406 739 2461 unius
759 2405 870 2475 circuli;
888 2407 963 2461 unde
983 2407 1007 2461 si
1021 2411 1105 2478 stupa

94 2486 141 2541 uel
160 2487 238 2541 aliud
258 2486 455 2541 combustibile
474 2482 644 2556 appo‘natur,
669 2486 727 2541 sole
750 2486 861 2541 fortiter
883 2487 1012 2541 radiante
1031 2505 1105 2542 com-

94 2565 158 2620 buri
180 2568 275 2636 potest
297 2565 328 2619 in
346 2569 450 2636 puncto
474 2565 532 2622 illo.
571 2567 620 2621 sed
637 2565 768 2621 Euclides
788 2566 824 2620 de
843 2567 962 2635 speculis
982 2567 1008 2621 ei
1027 2567 1105 2622 aliud

95 2663 164 2715 opus
183 2649 239 2715 est3
260 2664 287 2701 u.
301 2665 329 2715 p.
345 2652 410 2704 309:
429 2646 512 2700 docet
529 2646 604 2700 enim
618 2644 749 2699 Euclides
767 2645 798 2699 in
816 2651 850 2699 33
864 2646 1055 2715 propositione
1070 2649 1105 2702 de

94 2725 215 2795 speculis
243 2725 284 2779 sic
307 2726 422 2796 figurari
446 2726 601 2796 speculum,
630 2728 662 2779 ut
685 2725 866 2794 congregatio
889 2726 1034 2780 radiorum
1055 2727 1106 2780 fiat

95 2808 161 2860 ante
180 2808 209 2859 et
226 2807 314 2875 retro,
335 2824 362 2874 p.
378 2811 443 2862 310:
463 2808 491 2860 et
510 2805 583 2860 sicut
601 2804 672 2859 dicit
689 2804 820 2858 Euclides
838 2804 911 2859 libro
930 2806 965 2860 de
984 2805 1105 2876 speculis

93 2887 123 2939 et
145 2885 282 2954 probatur
304 2884 335 2939 in
360 2885 597 2955 lpropositione,
625 2885 715 2955 figura
740 2883 810 2937 lucis
838 2886 882 2938 est
908 2885 998 2939 maior
1020 2904 1105 2954 quam

49 2965 52 2970 ’
93 2964 235 3034 forameu;
269 2965 317 3020 cfr.
345 2984 373 3034 p.
397 2971 464 3022 306:
497 2967 526 3019 et
554 2964 628 3019 hanc
655 2963 851 3032 probationem
878 2964 996 3018 eandem
1024 2965 1105 3020 affert

92 3043 225 3099 Euclides
249 3045 286 3098 ad
309 3052 325 3098 5
344 3045 564 3114 propositionem
590 3043 634 3097 sui
656 3043 723 3097 libri
743 3042 848 3114 (agitur
871 3044 905 3097 de
925 3044 1047 3114 Gatoptr.
1069 3049 1103 3115 1),

92 3142 119 3193 p.
135 3130 200 3180 330:
219 3124 350 3178 Euclides
370 3125 452 3178 docet
470 3124 589 3194 figurare
608 3123 760 3192 speculum,
780 3123 855 3191 quod
874 3123 1019 3178 comburat
1038 3128 1104 3179 ante

93 3206 123 3257 et
145 3206 227 3258 retro.
265 3219 317 3258 nec
340 3203 472 3259 Albertus
490 3204 611 3273 Magnus
633 3205 760 3257 nostrum
783 3221 852 3273 opus
877 3203 912 3257 ob
937 3203 1032 3257 oculos
1054 3204 1104 3259 ha-

164 3373 188 3441 ³)
207 3388 296 3441 comp.
316 3371 440 3428 dubium.
549 3372 586 3442 **)
605 3373 647 3442 pc
664 3373 730 3443 post
746 3387 810 3440 ras,
829 3373 841 3425 i
860 3371 923 3425 add.
943 3389 998 3441 mg.

160 3446 189 3513 †)
208 3459 297 3513 comp.
316 3443 382 3499 dub.
