2324 3788
487 126 719 178 CATOPTRICA.
1040 121 1105 184 303

163 269 207 334 sit
236 224 348 334 oculus
370 273 413 354 Β,
440 269 610 354 longitudo
639 272 748 332 autem
776 266 908 352 obliqua
931 274 1010 350 AE,
1038 290 1108 352 spe·

94 376 205 442 culum
233 380 344 440 autem
371 380 404 440 A
410 378 444 440 Γ.
498 375 608 458 itaque
637 373 736 438 radiis
764 373 914 448 refractis
944 380 977 438 A
1003 375 1038 438 in
1065 381 1106 456 A,

93 487 126 547 E
141 482 178 546 in
196 485 229 546 Γ
248 482 390 566 adparet,
414 486 447 546 et
466 481 551 546 sicut
568 503 603 545 re
621 502 699 544 uera
719 502 752 544 se
770 479 879 565 habet,
902 480 1001 544 etiam
1019 480 1108 545 uidc-

93 594 150 653 tur
172 611 257 674 esse,
282 587 416 672 propius
440 587 588 672 propius,
609 587 820 672 longinquius
844 590 953 651 autem
977 587 1106 673 longin-

63 740 71 762 a.
94 694 198 778 quius.

580 802 628 866 10.

162 924 398 1012 Longitudines
427 924 577 1008 obliquae
604 925 640 988 in
663 925 801 1009 speculis
825 925 991 1008 connexis,
1020 925 1104 991 sicut

533 1053 568 1096 re
591 1053 668 1096 uera
691 1035 781 1116 sunt,
795 1031 850 1095 'ita
873 1032 1036 1116 adparent.

598 1136 769 1222 longitudo
802 1138 845 1201 sit
877 1143 959 1221 EA,
992 1139 1104 1203 oculus

205 1190 474 1482 *A
533 1248 641 1308 autem
659 1248 698 1328 Β,
721 1244 887 1328 speculum
905 1248 1013 1308 autem
1032 1266 1106 1309 con-

531 1372 649 1414 uexum
673 1352 751 1435 ΑΓ,
779 1354 812 1414 et
839 1350 921 1414 radii
949 1351 989 1414 ad
1012 1355 1054 1436 E,
1070 1357 1104 1415 Δ

135 1442 475 1609 '1'
531 1456 672 1521 refracti.
722 1456 846 1540 reliqua
879 1479 957 1522 uero
994 1458 1105 1521 eadem

92 1568 128 1624 B
532 1567 615 1627 sunt.

575 1777 624 1840 11.

163 1898 362 1963 Altitudines
390 1903 423 1964 et
450 1900 688 1984 profunditates
715 1901 751 1963 in
778 1899 916 1985 speculis
943 1899 1104 1984 comanis,

95 2027 178 2091 quae
195 2005 283 2070 intra
301 2028 493 2071 concursum
512 2007 675 2071 radiorum
696 2011 780 2091 sunt,
804 2029 933 2071 sursum
952 2007 1102 2070 deorsum

95 2134 209 2176 uersae
231 2113 401 2197 adparent,
424 2112 508 2177 sicut
530 2113 566 2176 in
589 2113 727 2198 speculis
750 2113 855 2198 planis
880 2113 1104 2199 conuexisque,

96 2240 178 2303 quae
211 2222 319 2283 autem
352 2223 444 2283 extra
471 2241 664 2284 concursum
697 2223 785 2304 sunt,
818 2219 903 2284 sicut
935 2223 1024 2301 sunt,
1055 2220 1103 2285 ita

95 2324 195 2391 etiam
218 2327 381 2411 adparent.

162 2431 329 2515 speculum
348 2453 526 2496 concauum
546 2431 589 2496 sit
608 2439 640 2497 A
647 2435 681 2516 Γ,
706 2432 817 2497 oculus
837 2437 946 2497 autem
960 2437 997 2515 Β,
1020 2433 1102 2498 radii

94 2540 204 2603 autem
227 2536 358 2602 refracti
376 2541 448 2623 ΒΑ,
462 2541 530 2603 ΒΓ
547 2543 581 2603 et
599 2561 774 2604 concursus
793 2561 905 2604 eorum
922 2539 958 2603 in
973 2545 1009 2624 Ζ,
1032 2540 1104 2604 alti-

93 2641 224 2708 tudines
242 2648 351 2708 autem
369 2650 437 2708 ΔΒ
454 2649 486 2709 et
506 2649 585 2730 ΚΝ,
608 2649 684 2711 ΚΝ
697 2645 784 2710 intra
803 2668 995 2711 concursum
1013 2646 1049 2709 in
1066 2651 1103 2731 Ζ,

94 2753 170 2815 ΔΕ
192 2753 300 2813 autem
324 2753 415 2813 extra
438 2773 638 2817 concursum.
679 2752 789 2836 itaque
808 2752 907 2817 radiis
925 2752 1103 2836 productis,

92 2930 1101 2939 ww*

131 3055 173 3103 14.
201 3047 237 3102 τὰ
260 3046 292 3102 δέ
315 3080 349 3088 -
373 3046 462 3138 adrui]
489 3050 538 3103 καὶ
564 3049 582 3119 ἡ
610 3050 754 3115 ἀπόδειξις
781 3048 903 3119 φανερά·
938 3047 1020 3118 ὁμοία
1048 3049 1101 3118 γάρ

92 3120 152 3176 ἐστι
174 3128 208 3191 τῇ
236 3119 267 3175 ἐν
290 3128 348 3182 τοῖς
371 3118 514 3182 ἐπιπεδοις
536 3119 681 3189 ἐνόπτροις
707 3140 743 3176 m.
835 3126 876 3174 15.
906 3121 959 3192 ια’]
988 3120 1024 3184 ιζ’
1043 3121 1100 3176 Vr.

131 3196 173 3245 17.
193 3187 256 3262 μέν]
275 3191 313 3260 μή
331 3191 368 3245 M.
442 3190 530 3262 ἐντός]
552 3189 630 3255 ἐκτός
647 3193 684 3248 Μ.
757 3192 947 3262 σνμπτώσεως]
966 3192 1101 3260 πτώσεως,

91 3279 180 3332 supra
203 3278 253 3315 scr.
274 3280 338 3330 cop,
362 3280 398 3316 m.
488 3269 530 3318 20.
556 3262 640 3335 ἔστιν]
665 3263 721 3318 ἔστι
742 3263 779 3317 Μ.
869 3269 912 3316 22.
935 3263 1101 3334 σύμπτωσις]

90 3334 264 3403 συμπτώσεις
286 3333 344 3388 Vv.
436 3340 478 3388 23.
501 3332 532 3388 τό
547 3336 625 3406 (pr.)]
650 3343 699 3389 τοῦ
717 3352 754 3388 m.
845 3340 887 3388 ⁶24.
911 3335 972 3405 τοῦ]
992 3351 1045 3389 om.
1064 3353 1100 3388 m.

131 3405 170 3475 Z]
192 3403 245 3459 ins.
264 3423 300 3459 m.
321 3410 335 3458 1
359 3404 392 3460 V.
483 3411 525 3460 25.
548 3414 604 3460 τῶν
628 3405 734 3476 ὄψεων]
758 3421 811 3460 om.
831 3405 900 3459 Mm.
992 3413 1033 3460 26.
1057 3404 1101 3459 ἐν·

88 3476 220 3547 όπτροις]
240 3474 385 3544 ἐνόπτροις
402 3485 457 3532 τῶν
477 3475 571 3547 ὄψεων
589 3495 626 3546 ω,
646 3475 792 3545 selaeseu
809 3472 1010 3545 sostenen.
