2334 3788
431 167 601 220 EUCLHHS
620 168 759 221 ΟΡΤΙΟΑ.

568 347 631 431 λβ’.

156 471 233 538 Ἐδιν
256 471 319 537 ἀπὸ
342 480 403 536 τοῦ
427 474 570 555 ὄμματος
596 473 680 557 πρὸς
702 472 763 555 τὴν
785 480 845 535 τοῦ
868 472 978 536 κώνου
1003 471 1107 554 βάσιν

90 582 341 665 προσπίπτωσιν
355 577 493 661 ἀκτῖνες,
509 577 573 642 ἀπὸ
589 575 625 642 δὲ
638 589 706 643 τῶν
719 588 998 663 προσπιπτουσῶν
1013 576 1105 642 ἀκτίι

91 708 161 750 νων
183 682 239 749 καὶ
262 682 499 768 έφαπτομένων
522 683 586 748 ἀπὸ
608 694 676 748 τῶν
700 683 797 767 ἀφῶν
820 683 949 748 εὐθεῖαι
972 684 1105 768 ἀχθῶσι

55 800 72 849 5
92 790 148 855 διά
166 799 224 875 τῆς
238 789 430 873 ἐπιφανείας
448 799 508 853 τοῦ
522 790 632 854 κώνου
651 791 733 875 πρὸς
747 791 808 873 τὴν
821 792 974 876 κορυφὴν
988 790 1105 875 αὐτοῦ,

93 897 150 961 διά
173 893 210 961 δὲ
232 907 299 961 τῶν
323 895 492 979 ἀχθεισῶν
514 894 570 959 καλ
592 906 660 961 τῶν
682 895 746 960 ἀπὸ
770 905 830 960 τοῦ
853 899 998 981 ὄμματος
1020 899 1105 980 πρὸς

91 1004 153 1086 τὴν
171 1003 271 1086 βάσιν
289 1011 349 1067 τοῦ
368 1000 478 1067 κοίνου
497 1013 775 1088 προσπιπτουσῶν
788 1003 931 1067 -έπίπεδα
945 1003 1105 1089 ἐκβληθῇ,

93 1107 146 1174 ἐπὶ
169 1106 206 1173 δὲ
228 1117 287 1192 τῆς
309 1118 461 1193 συναφῆς
485 1109 609 1192 αὐτῶν,
635 1106 807 1173 τουτέστιν
834 1107 887 1173 έπλ
909 1118 967 1192 τῆς
989 1119 1106 1193 κοινῆς

91 1224 193 1300 τομῆς
215 1225 283 1279 τῶν
307 1214 480 1298 ἐπιπέδων,
504 1216 541 1278 τὸ
564 1217 652 1298 ὄμμα
675 1221 767 1300 τεθῇ,
789 1216 827 1278 τὸ
851 1213 1020 1301 ὁρώμενον
1042 1224 1104 1279 τοῦ

38 1331 74 1381 10
92 1320 202 1386 κῶνου
227 1322 282 1386 διὰ
305 1322 428 1397 παντὸς
451 1327 525 1386 ίσον
548 1321 732 1404 ὀφθήσεται
750 1329 808 1403 τῆς
826 1323 932 1399 ὄφεως
950 1320 1003 1386 ἐπὶ
1020 1344 1105 1409 παρ-

92 1428 237 1509 αλλήλου
266 1427 421 1492 ἐπιπέδου
452 1437 498 1516 τῷ
526 1427 795 1515 προϋποκειμένφ
829 1426 970 1515 ἐπιπέδῳ
997 1428 1105 1514 ὑπαρ-

41 1523 43 1527 ’
93 1535 222 1617 χούσης.

159 1641 241 1703 έστω
265 1650 385 1723 κῶνος,
414 1637 453 1705 οὗ
477 1640 572 1723 βάσις
594 1636 654 1723 μὲν
677 1639 695 1704 ὁ
718 1643 787 1704 ΒΓ
809 1642 943 1723 κύκλος,
970 1642 1104 1726 κορυφὴ

94 1742 130 1810 δέ
153 1746 190 1809 τὸ
214 1752 246 1809 Α
270 1759 419 1831 σημεῖον,
447 1749 534 1830 ὄμμα
558 1744 593 1810 δέ
617 1749 698 1811 έστω
722 1748 759 1811 τὸ
783 1753 829 1830 Δ,
857 1746 916 1830 ἀφ’
938 1743 978 1812 οὗ
1001 1764 1103 1833 προσ-

39 1864 73 1912 15
92 1852 301 1917 πιπτέτωσαν
324 1851 453 1929 ἀκτῖνες
475 1854 512 1917 αι’
532 1858 613 1936 ΔΖ,
632 1856 709 1936 ΔΓ,
736 1852 791 1917 καὶ
814 1852 1016 1937 ἀνήχθωσαν
1040 1852 1105 1918 ἀπὸ

92 1971 159 2024 τῶν
183 1971 343 2043 συναφῶν
366 1971 432 2024 τῶν
452 1964 489 2042 Ζ,
511 1963 543 2024 Γ
559 1961 641 2044 πρὸς
664 1961 724 2043 τὴν
743 1961 896 2045 κορυφὴν
914 1969 974 2024 τοῦ
992 1958 1105 2024 κοίνου

92 2067 154 2148 τὴν
168 2070 200 2128 Α
218 2063 357 2149 πλευραὶ
375 2074 434 2128 τοῦ
453 2064 563 2130 κω’νου
585 2068 622 2130 αιρ
639 2071 709 2148 ΖΑ,
725 2068 794 2149 ΓΑ,
817 2064 872 2130 καὶ
891 2065 1105 2150 ἐκβεβλήσθω

93 2175 132 2236 τό
155 2195 190 2236 τε
213 2173 269 2236 διά
292 2183 358 2236 τῶν
376 2177 453 2255 ΔΖ,
474 2177 534 2235 ΖΑ
558 2172 712 2237 ἐπίπεδον
735 2170 790 2236 καὶ
813 2173 849 2237 τὸ
874 2173 929 2236 διά
947 2184 1015 2237 τῶν
1034 2176 1106 2256 ΓΔ,

95 2281 163 2343 ΓΑ.
214 2280 343 2360 ποιήσει
371 2279 434 2361 ἀρα
462 2279 523 2361 τὴν
549 2279 666 2360 κοινὴν
693 2280 798 2361 τομὴν
825 2279 970 2343 εὐθεῖαν.
1021 2282 1105 2343 ἔστω

38 2383 114 2465 2οἡ
138 2388 246 2447 ΑΕΔ.
292 2383 391 2466 λέγω,
420 2384 485 2466 ὄτι,
513 2383 571 2448 έάν
594 2382 647 2447 ἐπὶ
670 2393 727 2467 τῆς
750 2389 854 2449 ΑΕΔ
880 2391 1043 2470 μετατεθῇ
1066 2386 1104 2448 τὸ

94 2492 191 2574 ὄμμα,
209 2491 246 2554 τὸ
267 2496 341 2554 ίσον
358 2498 418 2554 τοῦ
436 2489 547 2554 κώνου
566 2490 761 2573 ὀφθήσεται,
782 2491 862 2556 ὄσον
880 2489 935 2555 καὶ
953 2491 1018 2555 ὑπὸ
1036 2502 1106 2555 τῶν

93 2602 126 2660 Δ
133 2599 169 2679 Γ,
188 2602 221 2659 Δ
227 2601 254 2659 Ζ
278 2596 421 2661 ἀκτίνων
440 2596 600 2681 ε’βλέπετο.
632 2600 756 2662 κείσθω
776 2598 838 2682 νάρ
858 2596 911 2662 ἐπὶ
929 2607 986 2681 τῆς
1000 2602 1105 2661 ΑΕΔ

93 2704 130 2767 τὸ
159 2705 246 2786 ὄμμα
273 2704 310 2767 τὸ
333 2707 377 2784 Ε,
406 2701 464 2785 ἀφ’
490 2698 531 2767 οὗ
557 2702 849 2788 προσπιπτέτωσαν
872 2702 1000 2779 ἀκτῖνες
1022 2704 1107 2787 πρὸς

166 2882 189 2930 1.
209 2876 266 2947 λβ]
281 2875 325 2932 λς’
341 2875 374 2943 V,
393 2876 438 2930 λδ
454 2876 577 2930 Evam.
633 2882 657 2930 3.
677 2874 896 2948 προσπίπτωσιν]
912 2857 1057 2943 προσπιπό
1072 2879 1104 2947 Β,

93 2945 340 3016 προσπιπτέτωσαν
355 2965 380 3015 ι,
401 2950 429 3000 οῖ
443 2947 516 3016 ἀοῖ,
536 2964 603 3001 corr.
618 2965 654 3002 m.
671 2954 694 3001 2.
750 2953 774 3002 4.
794 2948 861 3018 τῶν]
881 2964 949 3002 corr.
966 2964 1000 3000 ex
1013 2948 1063 3004 τόν
1078 2967 1104 3004 v.

130 3053 224 3144 ἁφῶν]
244 3053 362 3123 ἐπαφῶν
380 3072 415 3109 m.
489 3060 513 3108 8.
533 3055 641 3125 κοινῆς]
660 3062 763 3108 κοινῶν
781 3054 840 3122 Bv,
859 3034 987 3110 κοόὄαό.
1061 3062 1104 3110 11.

93 3150 187 3231 δπαρΞ
210 3161 246 3229 Β,
275 3163 303 3214 θλ
325 3161 404 3229 Vah,
429 3178 496 3215 corr.
520 3179 556 3214 m.
576 3167 605 3227 23
632 3159 796 3230 ὑπάρχουσα
819 3178 844 3214 v.
936 3167 977 3216 13.
1002 3165 1105 3234 κῶνος]

94 3284 183 3336 comp.
198 3266 230 3335 B,
249 3276 341 3322 κῶνον
360 3285 385 3322 v.
459 3273 500 3321 14.
520 3247 694 3334 προσπιπτέό
711 3267 742 3322 Β,
810 3272 851 3320 15.
870 3271 933 3335 ΔΖ,
947 3270 1020 3340 ΔΓ]
1041 3274 1105 3338 ΔΓ,

93 3338 295 3491 κέαῑλΒόὄόὄἎ
325 3340 461 3481 I'A]AAPIE
477 3354 605 3464 ὄῇλῗ
623 3338 954 3464 ΔΝΙόῘποιείσῙεόκΖΑ]
974 3341 1106 3483 ὄιλόεῖόὄ]

82 3490 282 3585 affimat„
304 3517 407 3572 εὐθεῖα
427 3534 451 3573 v.
530 3522 572 3571 20.
594 3513 656 3589 ἐπί]
675 3532 744 3572 cort.
763 3531 799 3569 ex
817 3513 876 3570 ἐπεί
893 3534 930 3571 m.
1002 3519 1102 3588 τῆς]ῐ
