2334 3788
473 153 704 206 CATOPTRICA.
1027 145 1092 211 323

560 331 612 395 22.

146 440 186 505 In
209 439 348 524 speculis
372 437 525 504 connexis
549 436 767 501 amincribus
792 434 931 519 speculis
950 434 1091 498 minores

81 548 235 630 adparent
257 545 426 632 imagines.

147 653 191 718 sit
215 652 351 735 sphaera
378 653 482 716 maior
504 653 584 735 AF,
610 649 717 714 minor
744 652 854 712 autem
877 651 944 711 EA
971 646 1093 710 circum

79 760 165 824 idem
189 761 337 824 centrum
362 762 391 821 Θ
413 756 551 842 positae,
576 756 687 821 oculus
712 757 821 818 autem
845 752 888 816 sit
911 756 954 835 Β,
982 756 1015 816 et
1039 752 1094 816 du-

82 870 173 931 catur
201 868 316 948 ΒΑΘ,
348 867 381 928 ct
407 885 426 926 a
449 864 587 947 sphaera
617 861 817 946 refringatur
848 859 958 924 radius
986 860 1091 923 ΒΓΔ.

788 966 871 1050 dieo,
884 965 1021 1050 radium,
1036 964 1091 1048 qui

787 1093 807 1134 a
817 1072 941 1135 minore
954 1070 1093 1154 sphaera

787 1179 828 1242 ad
839 1183 872 1242 Δ
885 1177 1095 1262 refringatur,

786 1306 890 1369 neque
913 1306 971 1366 per
994 1285 1026 1347 Γ
1044 1305 1094 1347 ca-

651 1403 653 1406 ’
787 1392 860 1455 dere
877 1412 980 1474 neque
1000 1394 1092 1453 extra

787 1500 822 1562 Γ.
873 1496 964 1580 prius
997 1495 1093 1581 enim,

786 1605 814 1668 si
857 1604 927 1668 fieri
972 1606 1092 1687 potest,

784 1733 843 1795 per
862 1712 894 1774 Γ
908 1710 1002 1773 cadat
1021 1713 1093 1773 eta

786 1816 922 1900 sphaera
967 1815 1091 1879 minore

787 1922 828 1985 ad
841 1926 875 1986 Δ
892 1921 1092 2006 refringatur

786 2032 819 2092 et
847 2027 890 2092 sit
913 2030 1031 2110 ΒΕΔ,
1059 2031 1092 2090 et

711 2163 738 2231 Δ
786 2157 805 2198 a
839 2138 868 2197 Θ
900 2134 940 2197 ad
974 2135 1006 2197 Γ
1037 2133 1092 2196 du·

785 2244 878 2305 catur
924 2244 1013 2304 recta
1059 2243 1092 2303 et

80 2346 120 2409 ad
151 2348 184 2409 K
218 2346 423 2429 producatur.
481 2349 582 2410 ΘΓΚ
612 2345 714 2432 igitur
746 2346 901 2431 angulum
928 2348 957 2409 Β
964 2347 1025 2409 ΓΔ
1056 2344 1092 2408 in

80 2453 158 2517 duas
182 2455 291 2537 partes
317 2451 468 2536 aequales
496 2452 633 2536 secabit,
666 2452 741 2537 quia
764 2457 792 2516 B
800 2455 861 2517 ΓΔ
888 2455 1022 2536 propter
1044 2472 1091 2515 re·

79 2558 271 2624 fractionem
290 2558 438 2642 aequales
459 2558 596 2644 angulos
616 2560 656 2623 ad
671 2559 829 2624 ambitum
844 2558 953 2624 efficit.
980 2559 1091 2622 eadem

81 2668 189 2728 autem
212 2665 250 2729 de
274 2685 371 2729 causa
390 2663 488 2729 etiam
506 2669 596 2729 recta
614 2687 633 2727 a
654 2670 682 2729 Θ
704 2666 744 2729 ad
764 2670 796 2729 E
817 2665 914 2730 ducta
931 2665 1091 2748 producta

80 2770 235 2855 angulum
252 2774 355 2835 ΒΕΔ
377 2771 412 2834 in
436 2771 514 2835 duas
533 2775 642 2854 partes
661 2772 811 2855 aequales
834 2771 964 2835 secabit.
1003 2775 1090 2836 secet

80 2881 113 2940 et
132 2875 175 2940 sit
196 2879 299 2940 ΘΕΖ.
339 2877 492 2960 quoniam
515 2881 646 2953 [ΒΓΑ
660 2889 694 2951 >
710 2882 820 2962 ΒΕΔ,
843 2877 905 2942 erit
928 2877 1026 2941 etiam
1046 2875 1091 2940 di-

80 2981 198 3046 midius
209 2981 341 3046 dimidio
352 2983 462 3067 maior,
476 2984 507 3048 h.
517 3007 541 3048 e.
553 2991 574 3059 L
584 2987 686 3048 ΒΓΚ
693 2995 726 3056 >
737 2988 843 3049 ΒΕΖ.
867 3005 981 3047 uerum
991 2982 1090 3046 etiam

80 3089 186 3153 minor
209 3093 273 3173 est3
303 3089 388 3172 quod
411 3089 481 3153 fieri
503 3111 571 3154 non
592 3093 710 3173 potest.
756 3110 833 3174 ergo
857 3089 966 3154 radius
991 3110 1010 3151 a
1032 3087 1091 3151 mi-

78 3218 157 3260 nore
181 3195 318 3279 sphaera
341 3195 499 3260 refractus
521 3219 579 3280 per
604 3199 636 3261 Γ
652 3218 718 3260 non
742 3196 858 3260 ueniet.

115 3423 197 3510 ΘῙΝὴ
217 3423 283 3494 ὄψις
301 3421 484 3494 ἀνακλωμένη
503 3441 538 3477 m.
602 3423 632 3496 ἡ]
652 3441 705 3478 om.
725 3423 816 3478 VMv.
880 3430 922 3478 22.
942 3419 1091 3484 ἐλάττονος

78 3512 115 3581 Μ,
138 3514 166 3566 al
183 3531 219 3567 m.

907 3595 965 3646 ‘N

1145 3627 1162 3743 t
