2334 3788
208 146 248 197 IN
267 145 477 196 OPTICORUM
494 145 751 198 RECENSIONEM
768 147 933 199 THEONIS.
1012 144 1077 208 265

135 290 186 353 38.
218 286 293 352 Ἐδιν
318 287 353 352 έν
375 297 421 376 τῷ
446 289 534 376 αὐτῷ
559 288 712 378 έπιπέδφ,
736 288 771 354 έν
795 283 821 377 ᾦ
844 288 899 355 καλ
921 292 958 354 τὸ
980 289 1078 373 ὄμμα,

69 396 193 459 κύκλου
225 393 415 480 περιφέρεια
447 402 546 481 τεθῇ,
583 395 603 479 K
640 403 700 460 τοῦ
732 397 856 461 κύκλου
888 394 1078 482 περιφέρεια

71 501 185 565 εὐθεῖα
208 503 340 586 γραμμὴ
364 504 526 585 φαίνεται.

137 609 218 672 έστω
237 608 361 671 κύκλου
379 606 571 694 περιφέρεια
589 609 609 693 K
629 612 689 672 ΓΒ
709 608 745 674 έν
763 617 809 696 τῷ
828 608 916 696 αὐτῷ
937 606 1077 696 ἐπιπέδῳ

69 712 215 798 κειμένη,
249 713 284 779 έν
317 709 343 802 ᾧ
375 713 430 779 καλ
456 716 493 780 τὸ
522 714 609 800 ὄμμα
637 716 674 780 τὸ
702 721 749 798 Α,
782 713 841 799 ἀφ’
867 711 907 780 οὗ
935 714 1080 799 ὄμματος
1115 725 1131 774 5

69 820 363 903 προσπιπτέτωσαν
387 821 515 898 ἀκτῖνες
542 823 579 886 αί
599 826 680 905 ΑΒ,
700 827 780 905 ΑΛ,
799 827 880 905 ΑΒ,
898 828 931 886 A
938 826 978 905 Z,
997 825 1078 905 AH,

70 933 102 991 A
110 932 148 1010 Θ,
167 930 240 991 ΑΓ.
283 926 377 1010 λέγω,
401 927 451 992 ὅτι
474 928 494 1012 K
518 931 586 992 ΒΓ
602 929 726 992 κύκλου
749 926 941 1013 περιφέρεια
965 927 1080 992 εὐθεῖα

70 1038 233 1117 φαίνεται.
270 1035 394 1098 κείσθω
414 1044 471 1117 τῆς
489 1038 699 1120 περιφερείας
717 1035 754 1099 τὸ
769 1031 908 1119 κέντρον
925 1031 980 1097 καὶ
997 1035 1079 1098 ἔστω

70 2133 107 2196 τὸ
136 2135 181 2215 Κ,
213 2129 268 2195 καλ
296 2130 544 2214 ἐπεζεύχθωσαν
572 2129 701 2194 εὐθεῖαι
731 2131 768 2194 αλ
793 2133 872 2213 ΚΒ,
895 2133 980 2213 ΚΛ,
1003 2133 1079 2214 ΚΕ,

70 2241 151 2321 ΚΖ,
170 2240 255 2319 ΚΗ,
275 2240 352 2320 ΚΘ,
370 2240 443 2301 ΚΓ.
488 2234 557 2301 ἐπεὶ
581 2232 642 2301 οὖν
664 2235 685 2318 K
708 2238 774 2300 ΚΒ
798 2236 913 2301 εὐθεῖα
935 2236 1000 2302 ὑπὸ
1023 2230 1082 2321 τῆς
1099 2246 1133 2299 10

70 2343 135 2408 ὑπὸ
163 2347 267 2409 ΚΑΒ
299 2347 422 2427 γωνίας
454 2342 584 2429 δρᾶται,
616 2342 636 2426 K
670 2339 706 2406 δέ
733 2345 803 2407 ΚΔ
834 2342 899 2408 ὑπὸ
926 2352 984 2427 τῆς
1014 2343 1080 2409 ὑπὸ

71 2453 188 2533 ΚΑΛ,
211 2450 231 2534 K
256 2448 292 2516 δὲ
310 2455 379 2516 KE
399 2451 463 2516 ὑπὸ
487 2459 545 2535 τῆς
566 2448 632 2514 ὑπὸ
652 2452 766 2532 ΚΑΛΕ,
789 2452 907 2532 μείζων
930 2451 995 2536 ἄρα
1017 2474 1081 2534 φα-

70 2558 205 2638 νήσεται
223 2557 243 2641 K
262 2554 322 2641 μὲν
340 2561 405 2621 ΚΒ
423 2566 480 2640 τῆς
499 2559 579 2638 ΚΔ,
597 2553 617 2637 K
637 2551 674 2618 δὲ
692 2557 762 2619 ΚΛ
780 2563 838 2638 τῆς
857 2558 930 2620 ΚΕ.
961 2552 1082 2640 ὁμοίως

71 2661 128 2726 καὶ
151 2661 186 2726 έκ
204 2671 264 2727 τοῦ
285 2662 396 2749 ἑτέρου
415 2662 535 2748 μέρους
558 2661 577 2746 K
596 2657 657 2745 μὲν
676 2664 746 2725 ΚΓ
762 2663 880 2745 μείζων
898 2663 1082 2745 φανήσεται

71 2776 129 2851 τῆς
152 2771 187 2831 Κ
192 2773 233 2851 Θ,
256 2768 277 2851 K
301 2765 338 2833 δὲ
360 2772 428 2833 ΚΘ
449 2777 507 2852 τῆς
530 2771 609 2833 ΚΗ.
657 2765 725 2832 ε’πελ
749 2763 810 2833 οὖν
833 2768 870 2832 τὸ
894 2766 975 2851 αύτδ
999 2783 1081 2851 σνμ-
1098 2776 1133 2843 1ο

72 2877 194 2957 βαίνει,
218 2873 296 2960 ὅπερ
320 2873 362 2939 δν
384 2877 454 2957 καί,
482 2877 513 2938 εί
534 2875 649 2939 εὐθεῖα
672 2872 823 2938 ὑπέκειτο
845 2871 866 2955 K
889 2870 1082 2958 περιφέρεια

72 2980 91 3063 K
116 2983 192 3063 ΒΓ,
220 2979 409 3064 συνέβαινε,
436 2981 473 3045 τὸ
502 2982 560 3056 τὰς
588 2987 661 3056 ίσας
688 2971 814 3063 δηλαδὴ
842 2977 979 3055 ἀνίσους
1007 2980 1081 3063 φαί-

143 3141 184 3190 38.
204 3137 314 3206 ΜΒίΓ,
328 3137 393 3192 Vat.
408 3155 444 3191 m.
460 3143 484 3206 2,
499 3136 588 3207 Aqu).

97 3232 284 3341 Ἶ-ύλλως
292 3286 341 3332 τοῦ
360 3278 406 3348 κγ’
422 3277 439 3347 K
460 3278 545 3342 δεῖξις
562 3277 604 3347 M,
629 3277 716 3340 ἄλλως
733 3277 765 3331 ιδ
783 3276 832 3348 ιβ’
846 3293 873 3343 q.
945 3273 1010 3351 έιλν]
1028 3274 1081 3335 ἐὰν

73 3348 210 3418 γύρλῑιιλ.
295 3354 371 3404 1-3.
392 3349 520 3416 om.Aq.
602 3346 1082 3421 λ.ἡ-4.κύκλου]οαι·ω.Ϊ.

107 3425 131 3475 8.
151 3418 268 3492 κείσθω]
288 3419 415 3490 εἰλήφθω
435 3437 460 3487 q.
529 3425 571 3473 16.
592 3419 678 3543 εἶξα,
697 3436 750 3474 om.
764 3417 831 3473 MR.
893 3417 990 3489 ‘KRP
1002 3432 1085 3559 Ἥ

72 3489 170 3560 φέρεια
190 3510 215 3560 q.
289 3489 464 3563 περιφέρεια]
485 3488 572 3561 γωνία
591 3490 621 3544 Μ
652 3491 687 3545 R.
