2334 3788
99 123 162 188 106
436 127 606 180 ωοοιαοεε
625 128 762 181 ονωοε.

96 272 163 333 ΒΓ
185 268 441 355 περιγεγράφθω
470 279 592 355 τμῆμα,
625 270 643 336 ὃ
667 269 791 349 δέξεται
818 280 876 355 τῆς
899 272 982 357 πρὸς
1005 280 1050 358 τῷ
1075 274 1110 334 Κ

95 378 218 457 γωνίας
244 375 404 460 ἡμίσειαν.
459 378 583 442 οὐκοῦν
609 377 629 461 ἡ
657 381 692 441 Κ
720 380 825 458 γωνία
853 379 1010 443 διπλασία
1037 376 1107 443 έστλ

95 489 152 564 τῆς
170 487 203 546 Δ
226 485 356 564 γωνίας.
400 483 557 549 διπλασία
579 485 643 569 άρα
667 487 820 567 φαίνεται
838 485 858 568 ἡ
877 490 910 548 Α
917 489 944 548 Ζ
966 493 1024 568 τῆς
1043 488 1111 549 ΒΓ

94 599 161 653 τῶν
184 587 339 673 ὀμμάτων
362 588 414 655 έπλ
437 601 504 655 τῶν
528 594 645 675 AKZ,
669 595 771 656 ΒΑΓ
792 602 1011 676 περιφερειῶν
1039 615 1105 656 κει-

59 693 211 778 ὁμένων.

45 862 85 887 f.
562 784 633 868 W·

48 891 103 957 ’Ὃ
179 908 278 974 Ἐστω
306 909 475 995 ὁρώμενόν
502 933 534 973 τι
560 908 701 993 μέγεθος
729 912 765 975 τὸ
794 915 869 975 ΑΒ.
924 909 1022 994 λέγω,
1054 912 1105 976 ὅτι

93 1015 130 1078 τὸ
153 1020 219 1080 ΑΒ
247 1019 312 1100 έχει
339 1018 475 1099 τόπους,
504 1015 540 1080 έν
563 1008 613 1091 οἷς
641 1026 701 1082 τοῦ
724 1020 867 1102 ὄμματος
889 1017 1044 1093 τεθέντος
1067 1019 1104 1083 τὸ

92 1122 173 1187 αὐτὸ
194 1118 273 1187 ποτε
290 1123 391 1206 ἥμισυ
409 1119 488 1187 ποτε
507 1123 586 1187 ὅλον
604 1119 682 1188 ποτὲ
699 1123 856 1206 τέταρτον
875 1127 1027 1208 φαίνεται
1048 1121 1105 1188 καλ

42 1241 76 1290 10
94 1231 242 1294 καθόλου
266 1228 302 1293 έν
324 1238 370 1317 τῷ
394 1227 531 1293 δοθέντι
554 1232 650 1317 λόγῳ.

159 1335 417 1420 περιγεγράφθω
441 1333 517 1419 περὶ
539 1336 601 1419 τὴν
624 1341 689 1401 ΑΒ
713 1337 833 1413 κύκλος
855 1337 873 1402 ὁ
897 1340 996 1401 ΑΕΒ
1021 1337 1104 1401 ὥστε

93 1442 154 1525 τὴν
177 1445 244 1505 ΑΒ
266 1443 310 1525 μὴ
334 1437 419 1506 εἶναι
443 1442 628 1527 διάμετρον,
654 1441 709 1506 καὶ
732 1445 882 1526 εἰλήφθω
905 1443 942 1506 τὸ
965 1441 1104 1527 κέντρον

93 1554 153 1610 τοῦ
180 1547 304 1612 κύκλον
332 1546 387 1612 καὶ
415 1551 496 1613 ἔστω
525 1549 561 1612 τὸ
586 1551 628 1631 Γ,
659 1547 711 1632 έφ’
733 1545 774 1615 οὗ
796 1552 920 1614 κείσθω
944 1549 981 1612 τὸ
1006 1551 1103 1633 ὄμμα,

92 1650 147 1715 καὶ
188 1651 436 1737 ἐπεζεύχθωσαν
473 1655 601 1719 εὐθεῖαι
642 1657 680 1719 αι’

41 1771 74 1821 15
93 1763 167 1842 ΑΓ,
184 1763 253 1824 ΓΒ.
285 1759 350 1824 ὑπὸ
368 1770 426 1844 τῆς
444 1765 542 1825 ΑΓΒ
562 1763 625 1846 άρα
639 1762 676 1825 τὸ

47 1910 57 1934 2
93 1869 158 1930 AB
190 1865 351 1949 βλέπεται.
408 1870 533 1932 κείσθω
566 1869 607 1952 δὴ
640 1869 676 1932 τὸ

93 1972 180 2055 ὄμμα
203 1970 255 2037 ε’πλ
277 1983 336 2057 τῆς
357 1983 418 2039 τοῦ
440 1975 564 2040 κύκλον
587 1998 677 2059 περι-

93 2081 226 2163 φερείας
266 2078 321 2144 καλ
353 2083 434 2145 ἔστω
467 2082 504 2145 τὸ
536 2086 579 2164 E,
622 2079 678 2145 καὶ

92 2184 385 2268 προσπιπτέτωσαν
404 2187 532 2263 άκτλνες
548 2189 585 2251 αἱ
600 2193 677 2270 ΕΑ,
724 2208 761 2271 Α

40 2304 75 2353 20
92 2294 164 2354 ΕΒ.
220 2289 288 2355 έπελ
325 2289 387 2358 οὖν
420 2292 440 2375 ἡ
476 2293 541 2358 ὑπὸ
579 2297 677 2358 ΑΓΒ

92 2401 198 2479 γωνία
220 2407 277 2481 τῆς
303 2400 368 2464 ὑπὸ
397 2404 497 2463 ΑΕΒ
530 2398 597 2464 ἐστι
628 2401 677 2463 δι-

93 2507 172 2586 πλῆ,
204 2505 241 2568 τὸ
269 2509 336 2569 ΑΒ
368 2507 432 2590 άρα
460 2505 523 2570 άπὸ
551 2515 611 2570 τοῦ
640 2511 672 2571 Γ
694 2506 869 2570 διπλάσιον
899 2503 1015 2588 ὁρᾶται
1043 2512 1102 2567 τοῦ

92 2607 156 2673 άπὸ
175 2619 235 2674 τοῦ
251 2615 289 2674 E.
327 2611 447 2695 ὁμοίως
465 2611 520 2677 καὶ
538 2611 694 2694 τέταρτον
712 2609 810 2696 μέρος
828 2610 1023 2693 ὀφθήσεται,
1045 2609 1102 2673 ε’άν

92 2714 112 2797 ἡ
129 2718 234 2796 γωνία
248 2725 305 2799 τῆς
319 2723 441 2800 γωνίας
454 2713 475 2805 ᾗ
489 2723 660 2803 τετραπλῆ,
674 2716 729 2782 καὶ
744 2717 779 2781 έν
793 2726 838 2805 τῷ
853 2714 989 2780 δοθέντι
1004 2718 1101 2803 λόγῳ.

40 2914 73 2964 25
577 2903 619 2969 ν’.

164 3023 237 3083 Τῶν
257 3025 316 3106 ίσφ
335 3019 424 3104 τάχει
444 3019 637 3105 φερομένων
655 3017 709 3084 καὶ
729 3017 781 3085 έπλ
800 3028 877 3103 μιᾶς
895 3019 977 3102 πρὸς
995 3017 1102 3102 ὀρθάς

93 3126 205 3203 αὐτοῖς
237 3127 338 3209 οὔσης
369 3126 502 3203 εὐθείας
533 3128 573 3190 τά
600 3125 653 3192 ἐπὶ
685 3127 725 3190 τά
752 3126 836 3191 αὐτὰ
867 3124 948 3210 μέρη
978 3122 1102 3209 πέρατα

92 3231 235 3317 ἑχόντων
262 3236 470 3318 προσιόντων
497 3230 558 3317 μὲν
584 3235 667 3317 πρὸς
689 3235 750 3317 τὴν
773 3231 938 3317 άγομένην
963 3232 1019 3296 διά
1041 3239 1101 3295 τοῦ

163 3413 187 3462 2.
211 3409 253 3479 K]
274 3421 328 3476 seq.
347 3425 401 3462 ras.
422 3413 436 3460 1
456 3408 510 3462 litt.
531 3409 582 3462 V„
642 3405 795 3461 διπλασίων
813 3407 936 3461 Vab.¹m.
1015 3411 1039 3459 3.
1064 3405 1101 3475 Δ]

84 3476 117 3528 1'11
137 3496 193 3531 ατε,
218 3479 248 3547 V,
279 3496 331 3533 om.
352 3478 478 3534 Vab.Av.
569 3480 634 3549 AZ]
664 3484 714 3532 ΑΒ
737 3479 863 3532 Vat.Av.
954 3482 978 3530 4.
1007 3479 1101 3549 ΑΚΖ]
