2334 3788
297 155 508 208 emmonim
525 156 704 208 nnenrssro
723 157 889 210 rnnonrs.
1035 155 1099 220 197

88 298 230 383 planum.
264 298 433 364 concident
451 299 565 386 igitur3
584 321 660 364 nam
680 304 712 364 et
729 302 798 384 ΓΒ,
812 305 845 363 A
850 304 878 363 Β
897 304 930 365 et
948 303 1022 386 ΓΚ,
1035 305 1100 366 ΚΛ

90 405 271 471 concidunt.
304 405 476 470 concidant
493 405 596 491 igitur
613 406 720 490 plana,
739 409 772 470 et
791 407 971 472 eommunis
988 429 1100 474 eorum

90 513 191 578 seetio
211 512 255 577 sit
269 515 343 576 ΒΚ.
376 511 458 598 dieo,
476 512 672 595 ubicumque
693 512 804 576 oculus
817 511 854 575 in
866 516 937 578 ΒΚ
950 518 1102 602 ponatur,

89 622 216 704 partem
240 619 327 704 coni,
350 640 431 702 quae
455 622 618 705 cernatur,
641 618 808 700 aequalem
831 618 993 703 adparere.

776 729 917 809 ponatur
948 727 1035 792 enim
1065 727 1101 792 in

715 835 785 896 ΒΚ
800 833 913 897 eeulus
934 837 971 917 Ζ,
992 836 1025 897 et
1042 855 1101 917 per

715 943 744 1003 Z
782 943 888 1003 reatae
925 942 994 1004 ΚΛ
1029 963 1101 1024 par·

714 1045 810 1110 allela
850 1045 988 1110 dueatur
1025 1050 1100 1131 ΖΝ,

714 1157 821 1217 reatae
833 1155 942 1216 autem
954 1155 1021 1217 ΓΚ
1030 1174 1102 1237 par-

715 1258 809 1322 allela
829 1263 903 1323 ΖΣ.
941 1263 1018 1344 ΖΝ,
1035 1263 1103 1322 ΖΣ

740 1365 843 1451 igitur
875 1365 1079 1449 superficiem

714 1472 788 1536 eoni
819 1472 854 1536 in
885 1477 933 1558 Ν,
960 1477 995 1536 Σ
1028 1494 1101 1537 eon·

736 1578 882 1665 tingunt3
915 1584 1083 1663 segmenta

715 1684 801 1749 enim
820 1684 1016 1750 circulorum
1029 1707 1100 1768 par-

715 1790 883 1855 allelorum
923 1790 959 1853 in
994 1793 1100 1855 ΒΓΑ

715 1895 883 1980 superficie
903 1896 976 1960 soni
992 1896 1101 1980 posita

717 2001 836 2065 similia
859 2005 944 2065 sunt.
990 2003 1100 2086 itaque

92 2106 278 2189 distantiae,
312 2127 394 2189 quae
421 2105 457 2169 in
484 2109 551 2169 BA
557 2109 590 2171 Γ
617 2106 785 2191 superficie
813 2107 887 2172 eoni
916 2112 1099 2194 cementum

91 2213 240 2296 aequales
264 2213 428 2297 adparent.
468 2233 545 2276 nam
568 2213 721 2297 quoniam
744 2212 882 2298 angulus
905 2213 1001 2279 rectis
1026 2219 1101 2301 ΖΣ,

91 2325 164 2385 ΖΝ
178 2319 429 2404 comprehensus
448 2317 567 2403 angulo
585 2319 682 2384 rectis
696 2322 772 2405 ΚΔ,
785 2323 855 2385 ΚΓ
869 2321 1100 2405 comprehenso

91 2426 234 2509 aequalis
266 2429 330 2511 est,
362 2424 518 2489 distantia
547 2429 625 2490 ΣΝ
650 2425 686 2489 in
717 2449 798 2492 eono
832 2426 1004 2492 distantiae
1034 2431 1107 2493 ΔΓ

91 2532 234 2617 aequalis
254 2533 395 2615 adparet.
434 2553 512 2618 ergo
531 2531 726 2616 ubicumque
746 2533 857 2598 oeulus
875 2534 1017 2600 inrecta
1034 2538 1101 2599 ΚΒ

90 2639 232 2724 ponitur,
250 2660 335 2724 pars,
353 2660 434 2722 quae
454 2637 605 2724 cernitur,
625 2660 752 2723 semper
766 2640 908 2725 aequalis
923 2640 1101 2726 adparebit.

569 2905 622 2970 33.

158 3045 260 3112 Oeulo
283 3029 369 3109 uero'
385 3065 511 3129 semper
532 3044 619 3110 idem
642 3045 784 3129 spatium
807 3068 826 3110 a
850 3067 930 3110 cono
950 3047 1101 3132 distante,

91 3155 119 3220 si
143 3151 292 3218 sublimis
320 3151 432 3215 oeulus
459 3150 605 3237 ponitur,
630 3174 705 3236 pars
730 3151 817 3238 coni,
844 3173 925 3235 quae
949 3153 1101 3241 cernitur,

90 3261 198 3326 minor
221 3259 364 3342 adparet,
388 3257 417 3321 si
440 3255 618 3344 demissior,
641 3258 753 3324 maior.

158 3385 202 3449 sit
225 3383 312 3448 enim
335 3382 408 3447 eoni
431 3386 544 3447 uertex
568 3383 608 3448 ad
629 3387 787 3468 punctum
808 3388 855 3468 Δ,
880 3381 968 3447 basis
991 3387 1101 3449 autem

89 3491 230 3558 circulus
253 3492 326 3575 ΒΓ,
348 3490 547 3574 dueaturque
571 3492 638 3556 ΚΘ
659 3493 771 3556 restae
795 3493 858 3552 ΒΔ
879 3487 1071 3570 ssimae..
1085 3488 1120 3545 ss
