2334 3788
75 127 118 192 58
416 126 586 179 εαοιωιε
605 126 744 180 omem

75 272 134 336 τὸν
156 281 275 336 κῶνον.
321 268 511 335 ἐλεύσονται
539 269 580 354 δή
608 270 690 335 κατὰ
716 270 776 346 τὰς
797 275 878 354 ΑΖ,
897 258 973 354 ΑΓ,
1001 269 1114 335 ἐπει-Ἴ

77 378 179 464 δήπερ
203 376 257 442 ἐπὶ
278 378 492 465 παραλλήλου
515 375 671 442 ἐπιπέδου
693 389 799 442 κεῖται
821 378 858 442 τὸ
882 378 985 462 ὄμμα,
1011 374 1085 441 κατ’

75 485 209 561 εὐθείας
236 480 273 549 δὲ
295 485 446 569 γραμμὰς
468 482 627 568 φέρονται
655 486 692 548 αί
712 486 814 563 ὄψεις.
860 486 891 549 εί
910 485 970 571 γὰρ
995 483 1089 560 ἐκτὸς

75 599 254 656 πεσοῦνται
276 602 343 656 τῶν
361 597 394 655 Α
400 593 438 674 Γ,
456 596 488 654 Α
494 595 532 675 Ζ,
555 593 803 674 κλασθήσονται
825 592 863 655 αί
878 593 982 669 ὄψεις·
1006 590 1086 675 ὅπερ

41 699 208 763 οότοπον.
246 699 393 762 ἔστωσαν
415 692 478 763 οὖν
501 698 538 761 αί
555 701 587 761 Ε
593 702 631 780 Θ,
649 700 728 761 ΕΗ.
765 695 834 762 ἐπεὶ
852 693 915 764 οὖν
933 695 986 762 ἐπὶ
1003 719 1088 784 παρη

76 806 221 887 αλλήλου
244 799 304 887 μὲν
327 803 484 868 ἐπιπέδου
506 801 578 868 κατ’
599 804 732 880 εὐθείας
755 805 905 891 γραμμὰς
928 803 1087 891 φέρονται

40 983 43 989 ,
76 912 114 975 αί
134 912 241 993 ὄψεις,
266 910 307 974 τὰ
335 907 371 975 δὲ
397 910 462 975 ὑπὸ
491 916 573 975 ίσων
600 922 732 994 γωνιῶν
755 910 904 998 ὁρώμενα
932 917 987 975 ίσα
1011 911 1087 995 φαί-

75 1039 177 1099 νεται,
200 1016 275 1081 ὅσαι
298 1013 329 1080 δ’
350 1014 392 1080 δν
415 1018 508 1094 ὄψεις
530 1014 583 1081 ἐπὶ
605 1025 664 1099 τής
685 1021 785 1081 ΑΕΔ
807 1017 941 1094 εὐθείας
962 1023 1086 1083 τεθῶσι

76 1121 294 1207 παράλληλοι,
318 1128 390 1198 ίσας
413 1125 536 1204 γωνίας
557 1121 760 1208 περιέχουσι,
781 1124 820 1188 τὸ
844 1129 918 1188 ίσον
939 1125 1004 1209 ἄρα
1026 1134 1086 1190 τοῦ

23 1243 57 1292 10
74 1226 184 1292 κοίνου
207 1228 392 1312 ὀφθήσεται
415 1227 520 1313 [είπερ
545 1233 618 1292 ίσον
641 1228 777 1314 δρῶσιν·
801 1231 942 1294 ἔλασσον
965 1227 1002 1295 δὲ
1024 1239 1085 1296 τοῦ

75 1332 186 1399 κῶνον
219 1333 354 1421 ὁρῶσιν·
387 1335 470 1398 ὥστε
501 1332 557 1398 καὶ
583 1335 620 1398 τὸ
649 1337 784 1399 ἔλαττον
812 1334 997 1419 ὀφθήσεται
1024 1345 1085 1402 τοῦ

75 1437 210 1523 κοίνου]

547 1563 610 1648 λχί.

142 1688 253 1754 Ποίλιν
280 1686 320 1752 δέ
344 1711 381 1770 γε
410 1696 470 1752 τοῦ
498 1690 641 1773 ὄμματος
668 1688 903 1773 μετατεθέντος
931 1690 994 1756 ἀπὸ
1023 1699 1084 1756 τοῦ

24 1808 57 1858 15
75 1804 231 1861 ταπεινοῦ
259 1793 423 1880 μετεώρου
451 1792 512 1879 μὲν
538 1805 599 1859 τοῦ
627 1798 770 1881 ὄμματος
796 1796 951 1874 τεθέντος
975 1801 1085 1882 μεῖζον

75 1901 135 1988 μέν
159 1906 248 1969 ἔσται
271 1911 331 1968 τοῦ
353 1904 464 1967 κῶνον
491 1903 528 1967 τὸ
552 1900 736 1988 δρώμενον,
763 1900 850 1980 δόξει
878 1900 914 1968 δὲ
942 1906 1084 1969 ἔλασσον

76 2013 270 2093 φαίνεσθαι,
297 2007 530 2095 ταπεινοτέρου
554 2005 591 2073 δὲ
613 2012 754 2074 έλασσον
775 2006 836 2094 μὲν
859 2012 965 2094 ἔσται,
994 2008 1084 2088 δόξει

75 2113 112 2180 δὲ
135 2119 244 2199 μεῖζον
267 2119 457 2199 φαίνεσθαι.

141 2224 222 2286 ἔστω
246 2233 365 2304 κῶνος,
395 2218 435 2286 οὗ
458 2221 555 2305 βάσις
576 2218 636 2305 μὲν
659 2221 676 2287 ὁ
699 2225 769 2286 ΒΓ
789 2223 924 2305 κύκλος,
950 2226 1083 2310 κορυφή

22 2341 57 2390 20
76 2324 113 2392 δὲ
135 2329 172 2392 τὸ
195 2333 228 2392 A
251 2339 401 2411 σημεῖον,
423 2325 479 2391 καί
502 2330 648 2392 ἔστωσαν
671 2329 708 2392 αί
727 2328 868 2414 πλευραὶ
890 2338 949 2393 τοῦ
972 2328 1083 2395 κῶνον

75 2435 113 2498 αί
132 2438 208 2517 ΒΑ,
228 2436 297 2497 ΑΓ.
320 2483 322 2487 r
343 2434 527 2516 ἐπεζεύχθω
555 2433 575 2517 ἡ
600 2437 675 2516 ΒΓ,
702 2432 758 2498 καί
784 2438 1083 2521 προσεκβεβλήσθω

74 2549 113 2624 τῇ
132 2543 200 2604 ΒΓ
217 2539 237 2622 ἡ
256 2544 335 2624 ΒΗ,
357 2538 413 2604 καὶ
435 2541 529 2623 ήχθω
553 2539 609 2604 διὰ
631 2549 691 2604 τοῦ
714 2543 871 2624 τυχόντος
894 2550 953 2605 τοῦ
975 2546 1004 2605 Θ
1026 2558 1084 2625 σή-

74 2649 168 2731 μείου
196 2657 235 2732 τῇ
258 2651 324 2710 ΑΒ
351 2646 559 2732 παράλληλος
586 2646 606 2728 ἡ
636 2650 710 2711 ΘΚ.
765 2646 863 2732 λέγω,
896 2648 946 2713 ὄτι
973 2652 1084 2732 μεῖζον

73 2748 134 2837 μὲν
157 2755 262 2835 ἔσται,
291 2755 431 2817 ἔλασσον
454 2749 490 2816 δὲ
514 2751 699 2835 ὀφθήσεται
722 2762 782 2817 τοῦ
805 2750 915 2818 κώνου
938 2756 975 2819 τὸ
999 2753 1083 2841 δροί-

22 2870 56 2921 25
74 2883 175 2944 μενον
197 2867 257 2924 τοῦ
281 2861 424 2942 ὄμματος
447 2857 602 2935 τεθέντος
625 2857 677 2924 ε’πλ
700 2868 760 2924 τοῦ
786 2864 814 2924 Θ
841 2863 977 2946 σημείου
1000 2863 1082 2949 ήπερ

144 3091 168 3142 8.
197 3083 349 3156 φαίρονται
375 3103 400 3140 ν.
492 3084 581 3158 ἐκτός]
610 3107 627 3141 ν
654 3104 739 3156 supra
766 3103 816 3141 scr.
841 3105 877 3141 m.
902 3093 918 3140 2
941 3088 974 3156 V,
1004 3087 1083 3151 ἐντός

71 3158 222 3214 BVatstm.
294 3162 319 3211 4.
338 3160 398 3224 ΑΓ,
413 3158 475 3229 ΑΖ]
495 3173 563 3212 corr.
583 3173 617 3211 ex
635 3162 716 3212 ΑΓΖ
733 3175 769 3212 m.
785 3163 800 3210 2
815 3158 849 3227 V,
872 3160 941 3213 mut.
957 3158 987 3212 in
1001 3165 1083 3214 ΑΓΖ

72 3246 109 3286 m
128 3234 145 3284 2
164 3229 242 3298 θεῶ,
265 3231 325 3296 ΑΓ,
347 3232 394 3281 ZA
412 3228 500 3282 Vat.1.
572 3229 793 3297 κλαισθήσονται
811 3248 837 3284 v.
914 3236 938 3284 8.
958 3230 1027 3284 Post
1045 3230 1083 3286 ἄν

63 3333 127 3417 ¹del.
147 3333 178 3390 αἱ
195 3352 231 3389 m.
284 3334 350 3458 τήςή
363 3341 413 3415 τοῦ
432 3333 506 3402 vat„
525 3333 577 3402 τήν
594 3352 620 3390 v.
681 3340 705 3390 9.
723 3300 813 3404 περιό
828 3336 902 3406 Vat.,
921 3333 1042 3407 περιέχει
1055 3355 1082 3391 v.

109 3412 150 3461 10.
177 3404 254 3473 είπερ
289 3421 407 3460 mu.1n
431 3402 498 3473 ὅπερ
521 3411 592 3459 m.2
617 3405 691 3474 vat„
720 3405 787 3474 ὅπερ
811 3406 877 3461 Vm.
969 3406 1083 3463 ἔλαττον

71 3474 168 3533 Vm.
232 3405 276 3549 δέ]
295 3474 351 3545 ἄρα
369 3493 394 3531 v.
468 3480 509 3531 13.
529 3476 585 3549 λχί]
604 3477 645 3543 λζ’
660 3477 693 3546 V,
712 3478 753 3532 λε’
768 3478 864 3533 Vat.v.
939 3483 980 3533 14.
1000 3497 1084 3548 μετα-
