2334 3788
231 160 269 210 IN
289 159 498 209 OPTIOORUM
515 158 772 210 RECENSIONEM
790 160 956 212 THEONIS.
1034 157 1097 220 281

91 303 185 384 κοινὴ
214 303 423 386 προσκείσθω
452 301 472 383 η
501 300 565 365 ὑπὸ
593 305 715 364 ΗΚΛ·
749 304 786 366 αἱ
810 301 875 366 ὑπὸ
904 305 1013 366 ΓΚΗ
1036 303 1099 382 ὄρα

90 411 302 482 ΗΚΛταῖς
333 406 398 471 ὑπὸ
431 410 554 489 ΗΚΛ,
582 411 690 471 ΗΒΑ
727 413 804 472 λ’σαι.
864 405 937 472 ἀλλ’
968 409 1005 471 αἱ
1034 407 1099 471 ὑπὸ

92 516 209 597 ΓΚΗ,
229 517 338 576 ΗΚΔ
366 510 464 577 δυσὶν
491 512 610 598 ὀρθαῖς
639 519 720 577 ἴσαν
752 512 808 578 καὶ
831 515 868 578 αἱ
891 513 957 578 ὑπὸ
980 517 1099 596 ΗΚΛ,

91 624 194 684 ΗΒΑ
216 621 280 704 ὄρα
304 617 403 682 δυσὶν
425 618 546 703 ὀρθαῖς
569 625 638 683 ἴσαι
661 622 755 684 εἰσίν.
793 622 876 684 ὥστε
898 618 954 684 καὶ
974 621 1011 683 αι’
1032 623 1100 685 λοι-

91 729 159 790 παί.
206 725 256 789 ὅτι
284 723 335 807 δέ,
363 723 420 788 ἐὰν
447 725 691 810 τετραπλεύρου
719 728 756 790 αἱ
776 725 974 791 ἀπεναντίον
1001 725 1101 791 δυσὶν
1137 737 1153 786 5

92 832 212 917 ὀρθαῖς
236 836 305 894 λ’σατ
328 827 421 914 ὦσιν,
444 830 481 895 ἐν
501 832 610 918 κύκλῳ
630 830 699 896 ἐστὶ
717 833 754 896 τὸ
773 832 1025 918 τετράπλευρον,
1049 832 1100 897 δέ-

93 939 217 1002 δεικται
241 936 277 1001 ἐν
299 947 345 1024 τῷ
368 937 587 1021 ὑπομνήματι.

454 1113 506 1177 Ad
528 1137 619 1199 prop.
642 1115 742 1179 XLV.

161 1222 211 1286 85.
250 1222 297 1284 Τὸ
321 1220 402 1284 αὐτὸ
424 1230 470 1308 τῷ
493 1220 557 1303 νβ’.

161 1331 229 1392 ἔστι
252 1351 302 1404 τις
324 1329 423 1403 τόπος
444 1330 566 1410 κοινός,
590 1327 626 1392 ἐν
649 1321 677 1414 ᾦ
699 1337 759 1392 τοῦ
782 1329 925 1412 ὄμματος
948 1327 1103 1404 τεθέντος
1121 1341 1156 1391 10

97 1436 136 1498 τὰ
160 1440 215 1497 λ’σα
237 1432 361 1517 μεγέθη
385 1434 483 1498 ἄνισα
507 1437 667 1518 φαίνεται.
1162 1482 1166 1493 .

162 1543 243 1605 ἔστω
268 1546 323 1603 ἶσα
341 1540 464 1623 μεγέθη
483 1541 523 1603 τὰ
541 1546 573 1604 Α
578 1544 617 1623 Β,
632 1543 704 1623 ΒΓ,
727 1539 782 1605 καὶ
799 1542 894 1624 ἤχθω
915 1540 979 1606 ἀπὸ
996 1549 1057 1606 τοῦ
1072 1542 1118 1605 Β.

94 1648 177 1733 πρὸς
205 1646 311 1732 ὀρθὰς
337 1647 357 1729 ἡ
382 1651 445 1710 ΒΛ
471 1644 527 1710 καὶ
555 1645 776 1730 ἐκβεβλήσθω.
822 1647 920 1731 λε’γω,
948 1647 1000 1712 ὄτι
1020 1604 1127 1713 καθ”ρ

95 1754 275 1836 ὁποιονοῦν
298 1761 355 1836 τῆς
378 1757 441 1816 ΒΛ
463 1752 561 1838 μέρος
583 1759 666 1838 τεθῇ
689 1755 726 1818 τὸ
750 1755 851 1837 ὄμμα,
879 1755 919 1818 τὰ
941 1754 1070 1836 ΑΒ,Β
1107 1772 1127 1805 α

97 1865 152 1925 λ’σα
180 1864 342 1944 φαίνεται.
387 1862 446 1923 καί
470 1858 539 1922 ἐστι
566 1858 712 1924 αὐτόθεν
740 1861 851 1943 δῆλον.
898 1863 1127 1943 μετακείσθωῑ

97 1969 138 2049 θη
165 1967 203 2030 τὸ
231 1967 319 2048 ὄμμα
345 1963 401 2028 καὶ
428 1967 509 2029 ἔστω
538 1966 575 2029 τὸ
602 1970 641 2029 Ε.
688 1964 786 2048 λε’γω,
819 1966 869 2030 ὄτι
897 1965 960 2030 ἀπὸ
987 1972 1049 2030 τοῦ
1076 1966 1110 2027 Ε

96 2076 195 2137 ἄνισα
219 2076 380 2155 φαίνεται.
416 2070 711 2157 προσπιπτέτωσαν
733 2073 796 2155 γαρ
821 2071 949 2148 ἀκτῖνες
971 2072 1009 2136 αἱ
1028 2073 1109 2152 ΑΕ,

97 2184 171 2261 ΕΒ,
186 2182 258 2260 ΕΓ,
277 2176 332 2241 καὶ
346 2178 528 2263 γεγράφθω
543 2176 619 2263 περὶ
632 2179 669 2242 τὸ
684 2182 786 2243 ΑΓΕ
798 2181 962 2263 τρίγωνον
975 2179 1109 2257 κύκλος,
1142 2212 1147 2219 ·

97 2283 152 2349 καὶ
175 2284 386 2367 ἐκβεβλήσθω
410 2284 430 2367 ἡ
453 2289 517 2348 ΕΒ
541 2283 594 2349 ἐπὶ
616 2285 653 2348 τὸ
671 2289 714 2348 H.
752 2283 821 2349 ἐπεὶ
839 2281 900 2350 οὖν
924 2289 978 2367 ἴση
1000 2285 1019 2368 η
1041 2284 1109 2347 ΑΒ

98 2402 137 2476 τῇ
164 2394 242 2474 ΒΓ,
274 2395 392 2474 μείζων
420 2388 456 2455 δὲ·
483 2390 504 2473 ἡ
533 2394 597 2454 ΓΕ
621 2400 680 2475 τῆς
701 2396 783 2474 ΑΕ,
814 2394 938 2475 μείζων
959 2393 1024 2477 ἄρα
1051 2384 1112 2453 καὶ
1132 2394 1167 2445 2¹

98 2502 203 2581 γωνία
231 2499 251 2581 η
278 2498 343 2562 ὑπὸ
372 2509 438 2561 τῶν
466 2503 547 2581 ΑΕ,
570 2502 634 2561 ΕΒ
664 2507 721 2582 τῆς
747 2497 813 2561 ὑπὸ
840 2509 907 2563 τῶν
934 2503 1011 2581 ΒΕ,
1035 2495 1112 2562 ΕΓ.

99 2607 217 2687 μείζων
245 2606 309 2688 ἄρα
337 2606 518 2687 φανήσεται
544 2603 565 2685 ἡ
589 2608 655 2668 ΑΒ
683 2614 740 2687 της
763 2606 834 2668 ΒΓ.
880 2605 1037 2679 ὡσαύτως
1060 2596 1115 2681 δέ,

100 2709 164 2773 κᾶν
186 2706 248 2792 μὲν
270 2708 322 2773 ἐπὶ
344 2718 402 2792 της
425 2714 488 2772 ΒΖ
510 2715 607 2794 τεθῇ,
640 2715 695 2773 λ’σα
714 2713 882 2793 φαίνεται,
914 2709 971 2774 ἐὰν
994 2705 1031 2773 δὲ
1054 2700 1118 2772 ἐπὶ

100 2823 159 2899 τῆς
181 2818 264 2897 ΒΗ,
292 2816 399 2878 ἄνισα.
445 2814 565 2898 ὁμοίως
593 2811 630 2879 δὲ
656 2814 711 2879 καὶ
739 2814 792 2880 ἐπὶ
820 2826 887 2880 τῶν
909 2817 1020 2879 ἄλλων
1046 2813 1119 2876 τοῦ

100 2922 223 2985 κύκλου
243 2932 351 3006 μερῶν
370 2919 470 3005 χωρὶς
487 2930 544 3003 τῆς
562 2923 645 3006 πρὸς
663 2922 769 3007 ὀρθὰς
788 2922 846 2986 ἐὰν
862 2928 943 3006 τεθῇ
958 2921 994 2985 τὸ
1009 2922 1123 3005 ὄμμα,
1164 2919 1167 2924 ’

101 3031 199 3092 ἄνισα
223 3029 384 3109 φαίνεται.

173 3206 215 3257 85.
234 3200 289 3268 Vq,
303 3203 378 3269 (post
396 3205 438 3270 45,
458 3200 504 3272 νβ’
519 3200 555 3270 V)
574 3200 609 3269 (V
627 3200 657 3253 in
674 3218 728 3270 mg.
748 3198 817 3269 inf).

172 3368 197 3417 2.
216 3360 259 3432 αἱ]
278 3377 366 3429 comp.
385 3360 419 3429 V,
439 3376 496 3427 seq.
515 3376 568 3414 ras.
648 3367 672 3414 3.
693 3359 734 3430 αἱ]
753 3358 783 3410 in
801 3375 855 3413 ras.
874 3358 907 3413 V.
985 3366 1009 3415 9.
1027 3354 1078 3425 τό]
1110 3354 1140 3395 ⁰

102 3450 170 3488 corr.
189 3451 225 3485 m.
244 3449 297 3486 rec.
312 3432 345 3486 V.
419 3436 459 3521 βλ,
479 3429 520 3502 αἱ]
540 3448 566 3500 q,
583 3431 707 3523 μηθ’
753 3431 861 3554 ΑΕρῖη
879 3433 909 3484 et
927 3446 995 3486 corr.
1010 3412 1144 3487 0113

101 3523 138 3560 m.
156 3521 209 3558 rec.
228 3503 262 3557 V.
334 3508 376 3556 26.
396 3504 468 3569 ζητει
486 3502 517 3556 τὸ
536 3506 673 3572 θεωρημα
691 3501 796 3556 ὄπιθεν
847 3543 853 3554 .
