2334 3788
87 117 130 182 48
428 120 598 173 EUCLIDIS
617 119 757 172 OPTICA.

88 261 244 328 ἐπίπεδον
275 261 330 328 καί
357 264 394 328 τὸ
423 263 479 328 διά
506 273 574 328 των
600 266 676 348 ΔΓ,
700 266 771 328 ΓΖ.
830 261 1007 349 οὐδέτερον
1035 264 1102 350 άρα

88 369 200 434 αὐτῶν
224 368 333 454 τέμνει
360 371 419 435 τὸν
446 370 642 454 κύλινδρον·
675 368 877 454 ἐφάπτονται
900 370 963 456 γάρ
986 367 1043 434 καὶ
1066 371 1105 435 αί

60 480 169 559 ιΔΒ,
192 479 264 542 ΔΓ
294 473 351 540 καὶ
382 477 420 541 αί
444 480 522 560 ΒΕ,
547 479 617 542 ΓΖ.
671 475 823 560 βλέπεται
850 471 913 542 οὖν
938 475 1004 540 ὑπὸ
1032 486 1102 540 τῶν

87 586 164 666 ΒΛ,
187 588 221 646 Δ
227 585 259 648 Γ
286 582 429 648 ἀκτίνων
460 583 497 647 τὸ
526 585 602 666 ΒΓ,
636 583 714 667 ὅπερ
747 581 836 647 ἐστὶν
863 585 999 648 ἔλαττον
1026 583 1101 667 ἡμι-

53 700 69 748 5
87 691 235 753 κυκλίου.
272 690 331 754 τὸν
353 689 456 755 αὐτὸν
480 689 521 772 ὃν]
544 691 669 775 τρόπον
690 687 746 753 καί
770 692 906 754 ἔλαττον
928 689 1102 774 ἡμικυλιν-

89 795 185 881 θρίου
209 795 420 882 ὁραθησεται.

39 914 64 958 N
154 904 185 967 εί
211 899 248 967 δὲ
270 902 335 967 ὑπὸ
360 902 421 966 δύο
445 901 601 987 ὀμμάτων
624 902 745 990 ὁρῷτο,
773 905 936 990 φανερόν,
965 903 1015 968 ὅτι
1043 900 1100 967 καὶ

88 1007 139 1073 ἐπ’
160 1009 264 1073 αὐτοῦ
288 1010 489 1093 συμβήσεται
512 1010 552 1073 τά
575 1007 629 1074 ἐπὶ
651 1018 710 1093 της
732 1014 876 1095 σφαίρας
898 1008 1063 1096 εἰρημένα.

512 1255 665 1333 ’Ἀλλως

35 1410 69 1458 10
144 1397 251 1463 Ἔστω
275 1400 409 1483 κύκλος,
437 1395 478 1463 οὗ
502 1401 583 1463 έστω
607 1397 746 1483 κέντρον
768 1400 805 1464 τὸ
828 1405 874 1484 Α,
903 1411 1039 1484 σημεῖον
1062 1396 1100 1464 δὲ

87 1503 180 1581 ε’κτὸς
202 1507 284 1570 έστω
307 1506 344 1571 τὸ
369 1510 407 1589 Ζ,
429 1503 485 1569 καὶ
509 1503 691 1588 ἐπεζεύχθω
716 1504 779 1569 άπὸ
802 1513 863 1570 τού
885 1511 918 1570 Α
941 1504 994 1570 ε’πλ
1012 1507 1050 1571 τὸ
1070 1511 1099 1570 Ζ

86 1610 107 1693 ἡ
131 1615 212 1695 ΑΖ,
239 1610 295 1676 καλ
318 1611 454 1695 άνηχθω
478 1610 541 1675 άπὸ
564 1619 624 1675 τοῦ
648 1617 681 1675 Α
704 1613 840 1695 σημείου
862 1620 902 1697 τῇ
926 1617 992 1677 ΑΖ
1014 1614 1100 1699 πρὸς

87 1715 194 1803 ὀρθάς
221 1715 274 1802 ἐφ’
299 1715 434 1804 ἑκάτερα
461 1717 502 1781 τά
529 1715 611 1803 μέρη
639 1717 659 1799 ἡ
687 1720 761 1782 ΓΛ·
793 1717 814 1800 ἡ
843 1720 904 1782 ΓΛ
933 1720 998 1803 άρα
1026 1719 1099 1783 διά-

86 1827 204 1910 μετρός
227 1824 296 1889 ε’στι
319 1831 379 1889 τοῦ
401 1825 535 1889 κύκλου.
580 1821 636 1888 καὶ
657 1823 916 1909 περιγεγράφθω
938 1823 1014 1909 περὶ
1037 1826 1100 1909 την

35 1941 69 1990 15
88 1935 155 1995 ΑΖ
176 1932 297 2007 κύκλος
319 1931 337 1997 ὁ
356 1935 506 2014 ΑΒΖΕ,
529 1928 584 1995 καὶ
607 1930 856 2014 ἐπεζεύχθωσαν
879 1932 916 1994 αί
931 1936 1008 2015 ΑΒ,
1022 1936 1099 2016 ΒΖ,

32 2032 41 2047 ”
89 2041 165 2120 ΖΕ,
184 2041 259 2102 ΕΑ.
305 2039 343 2102 αἱ
365 2041 437 2121 ΖΒ,
457 2042 522 2102 ΖΕ
543 2038 607 2123 άρα
631 2036 842 2121 ἐφάπτονται,
865 2036 1039 2123 ἐπειδήπερ
1063 2040 1101 2104 αἱ

86 2144 169 2229 πρὸς
196 2155 265 2220 τοῖς
289 2148 334 2227 Β,
357 2148 389 2207 Ε
414 2146 559 2228 σημείοις
587 2141 672 2207 εἰσὶν
699 2142 809 2229 ὀρθαί.
856 2141 924 2208 ε’πελ
947 2139 1009 2209 οὖν
1033 2143 1098 2210 ἀπό

86 2272 177 2325 τινος
200 2251 336 2333 σημείου
354 2256 414 2313 τού
435 2254 462 2312 Ζ
484 2250 568 2335 πρὸς
584 2250 646 2332 τὴν
663 2256 724 2313 τοῦ
741 2249 865 2313 κύκλου
883 2247 1099 2335 περιφέρειαν

86 2356 381 2442 προσπεπτώκασιν
398 2355 528 2431 ἀκτῖνες
546 2356 583 2418 αἱ
598 2359 672 2455 ΒΖ,
688 2359 760 2438 ΖΕ,
777 2355 815 2419 τὸ
834 2359 900 2418 ΒΕ
916 2356 980 2441 άρα
999 2354 1098 2442 μέρος

34 2475 68 2523 20
87 2462 288 2548 ὁραθησεται
306 2469 365 2526 τοῦ
384 2462 518 2525 κύκλου.
551 2463 619 2525 ἔστι
638 2457 674 2525 δὲ
687 2462 725 2524 τὸ
741 2463 801 2525 ΓΒ
807 2465 875 2524 ΕΛ
891 2459 1097 2545 ἡμικύκλιον.

86 2570 124 2633 τὸ
147 2573 213 2633 ΒΕ
233 2570 297 2654 άρα
320 2571 456 2633 ἔλαττόν
479 2566 569 2633 ἐστιν
591 2566 798 2652 ἡμικυκλίου.
874 2561 877 2568 “

87 2747 299 2755 --.--

158 2865 362 2938 1.τό]τῶν1υ.
417 2871 441 2920 3,
461 2866 648 2937 ΔΓ]ΔΝν,
703 2871 728 2920 4.
749 2868 818 2938 ΒΓ]
840 2869 937 2920 BNV.
993 2865 1097 2936 θήμε-

86 2953 237 3023 κυλίνδρου
255 2955 321 3009 Vm.
386 2961 411 3010 8.
432 2952 576 3026 εἰρημένα]
596 2972 649 3009 om.
663 2973 689 3024 V,
704 2955 857 3024 m.2Vat.‚
878 2951 965 3023 :evessa
983 2955 1014 3008 B.
1071 2960 1095 3010 9.

85 3044 185 3114 άλλως]
205 3044 365 3113 Bvatmv,
387 3061 442 3113 mg.
462 3043 495 3113 V,
519 3043 606 3106 άλλως
623 3044 654 3099 τὸ
673 3043 741 3098 αύτό
760 3043 847 3097 Vat.¹.
921 3043 977 3113 Mg.
996 3043 1042 3114 λύ’
1062 3043 1095 3098 V.

122 3122 163 3169 10.
183 3115 287 3170 κύκλου
304 3133 330 3184 V,
356 3119 397 3179 0⁹
414 3115 444 3170 B.
504 3112 535 3168 δὲ
555 3114 643 3186 ἐκτός]
663 3114 741 3177 ἐκτὸς
760 3112 791 3169 δέ
809 3114 911 3183 ΒἾελ,
933 3113 999 3168 ἔστω
1017 3111 1050 3168 δέ
1069 3133 1094 3168 v.

122 3191 163 3242 11.
182 3186 239 3240 ἀπὸ
257 3194 307 3240 τού
324 3187 359 3257 A]
379 3203 431 3241 om.
447 3185 501 3254 Bv,
520 3204 555 3240 m.
575 3192 591 3239 2
610 3186 674 3240 vat.
730 3185 776 3240 ἐπὶ
793 3187 824 3241 τὸ
847 3186 879 3256 Ζ]
899 3202 952 3239 om.
966 3185 1093 3240 Bvat.v.

122 3263 164 3310 12.
184 3256 202 3324 ἥ
219 3260 264 3310 θω
284 3256 408 3312 BVat.v.
481 3254 606 3328 σημείου]
626 3274 679 3312 om.
699 3257 823 3312 BVat.v.
897 3262 938 3311 13.
957 3255 993 3310 τὰ
1012 3254 1094 3328 μέρη]

86 3329 181 3383 om.B
214 3331 283 3382 ολε.
344 3333 384 3382 15,
404 3328 508 3383 κύκλου
526 3346 552 3397 V,
572 3332 614 3394 0⁹
629 3327 722 3384 BVat.
783 3328 940 3398 ἐπεζεύχθω
959 3346 985 3397 V,
1005 3345 1094 3397 comp.

85 3400 177 3522 ffVat.
270 3404 311 3453 16.
333 3400 393 3471 ΖΒ]
413 3400 465 3459 ΞΒ
484 3417 509 3469 v,
534 3403 584 3453 ΒΖ
603 3418 638 3453 m.
726 3405 767 3454 19.
788 3400 856 3470 ΒΕ]
878 3403 930 3453 ΖΕ
948 3418 974 3453 V.
1052 3405 1094 3453 20.

100 3488 159 3525 στιν
178 3488 203 3524 V.
