2334 3788
83 147 148 212 184
292 149 501 203 OPTIOORUM
519 149 698 204 Βεοεαειο
718 150 885 203 mom.

82 293 240 359 άκτονται
263 295 301 359 αί
316 297 392 377 ΔΛ,
406 298 484 359 AN
501 301 560 376 τῆς
582 296 736 379 σφαίρας.
760 294 797 358 αί
816 295 880 379 άρα
904 293 1047 359 ἀπὸτοῦ
1062 300 1098 358 A

81 402 226 484 ὄμματος
255 404 521 488 προσπίπτουσαι
553 399 682 477 ἀκτῖνες
716 401 799 465 κατὰ
830 401 889 477 τὰς
918 404 998 484 ΔΛ,
1020 405 1104 466 AN

80 515 268 572 πεσοῦνται.
324 507 427 572 πάλιν
457 508 499 590 ὃῆ
527 509 767 590 μετακινείσθω
795 507 832 570 τὸ
860 511 894 571 A
925 508 1013 590 ὄμμα
1040 505 1099 571 ἐπὶ

80 613 118 677 τὸ
141 617 182 696 P,
208 612 264 678 καὶ
291 611 367 699 περὶ
393 615 455 697 τῆν
478 616 544 676 ΡΚ
567 613 689 689 κύκλος
714 613 913 698 γεγράφθω,
939 610 995 677 καὶ
1023 611 1097 677 ἐπε-

46 735 61 783 5
82 720 273 803 ζεύχθωσαν
292 721 329 785 αί
345 724 418 803 ΡΖ,
437 722 512 802 ΖΚ,
531 723 607 803 ΡΣ,
626 722 706 784 ΣΚ.
742 719 867 785 οὐκοῦν
885 719 923 783 αἱ
938 723 1011 802 ΡΖ,
1029 723 1102 783 ΡΣ

80 824 160 890 καθ’
176 826 214 891 ἓν
232 825 435 912 ἐφάπτονται
453 834 512 907 τῆς
531 829 684 912 σφαίρας.
724 824 779 891 καὶ
798 826 836 891 αἴ
851 850 888 908 χε
907 825 1049 890 ἀπὸτοῦ
1070 830 1103 890 Ρ

80 934 226 1016 ὄμματος
244 932 373 1008 ἀκτῖνες
391 933 658 1018 προσπίπτουσαι
680 933 763 997 κατὰ
783 933 841 1009 τὰς
859 937 931 1016 ΡΖ,
950 937 1019 996 ΡΣ
1037 953 1096 997 πε-

40 1051 52 1097 ι
80 1046 228 1104 σοῦνται.
269 1039 352 1104 ὥστε
374 1038 492 1124 ὁρᾶται
513 1037 579 1104 ὑπὸ
602 1034 664 1122 μὲν
685 1047 744 1122 τῆς
766 1043 796 1102 Ρ
811 1041 938 1135 χωνίας
959 1039 997 1103 τὸ
1017 1043 1096 1122 ΖΣ,

78 1145 145 1210 ὑπὸ
166 1141 204 1210 δὲ
226 1153 284 1228 τῆς
302 1150 336 1210 A
358 1145 395 1210 τὸ
418 1145 681 1228 ΝΖΓμεῑζον
704 1141 741 1210 δὲ
763 1147 801 1211 τὸ
819 1126 925 1211 N‘ZA
947 1154 1008 1210 τοῦ
1028 1149 1100 1209 ΖΣ

28 1265 61 1315 10
80 1250 179 1317 ἐστιν.
233 1253 387 1336 φαίνεται
419 1247 456 1315 δὲ
488 1253 637 1316 ἔλαττον·
665 1255 787 1335 «μείζων
814 1252 877 1338 γάρ
906 1251 996 1317 ἐστιν
1023 1251 1043 1335 ἤ
1069 1255 1101 1314 Ρ

80 1359 185 1439 γωνία
207 1366 266 1441 τῆς
282 1363 316 1422 A
338 1360 471 1441 γωνίας,
491 1357 532 1420 τά
553 1353 592 1422 ’δὲ
613 1356 679 1423 ὑπὸ
703 1361 850 1442 μείζονος
868 1361 991 1442 γωνίας
1009 1357 1095 1443 ὁρώ-

79 1487 162 1548 μενα
188 1465 320 1547 μείζονα
347 1466 510 1547 φαίνεται.
559 1465 670 1547 μεῖζον
697 1465 762 1550 άρα
785 1468 939 1549 φαίνεται
964 1465 1002 1531 τὸ
1027 1468 1097 1528 ΖΣ

79 1577 140 1634 τοῦ
163 1573 202 1634 Ν
204 1572 284 1658 ΖΛ,
307 1571 376 1634 ἔστι
399 1566 437 1633 δὲ
459 1572 604 1635 ἔλαττον.

28 1938 61 1986 15
148 1928 305 2012 Σφαίρας
332 1926 388 1990 διὰ
415 1936 482 1989 τῶν
505 1926 568 1990 δύο
595 1925 751 2010 ὀμμάτων
774 1924 956 2012 ὁρωμένῆς,
988 1924 1045 1990 ἐάν
1073 1925 1095 2008 ἤ

80 2031 255 2118 διάμετρος
281 2040 340 2117 τῆς
366 2034 511 2118 σφαίρας
534 2039 588 2117 ίση
615 2027 699 2119 ἤτῆ
722 2032 838 2119 εὐθείᾳ
865 2040 905 2117 τῆ
932 2032 1093 2116 ὄιεστύσχχ

80 2136 143 2203 άπὸ
167 2150 234 2204 τῶν
258 2138 428 2222 ὀμμάτων,
451 2137 670 2225 ἡμισφαίριον
693 2140 795 2223 αύτῆς
817 2139 1011 2222 ὀφθῆσεται.

147 2247 228 2309 ἔστω
256 2246 320 2331 γάρ
348 2255 489 2332 σφαῖρα,
521 2240 560 2327 ἧς
587 2246 761 2332 διάμετρος
788 2244 808 2328 ἤ
834 2248 911 2328 ΒΓ,
945 2243 1000 2309 καὶ
1028 2245 1092 2310 ἀπὸ

78 2359 146 2414 τῶν
168 2355 208 2433 Β,
233 2354 266 2415 Γ
287 2352 447 2435 ἤχθωσαν
468 2353 553 2437 πρὸς
575 2350 682 2437 ὀρθὰς
704 2353 742 2416 αί
762 2356 835 2434 ΒΖ,
851 2355 925 2435 ΓΛ,
948 2349 1004 2416 καί
1027 2351 1092 2416 άπὸ

26 2468 61 2518 20
79 2464 139 2520 τοῦ
159 2460 187 2519 Ζ
209 2457 305 2540 ἤχθω
327 2458 417 2544 παρά
440 2459 501 2541 τῆν
519 2460 588 2521 ΒΓ
599 2456 620 2540 ἤ
637 2461 710 2540 ΖΛ,
733 2455 788 2522 καὶ
806 2461 930 2522 κείσθω
949 2459 986 2522 ἓν
1005 2461 1093 2542 ὄμμα

80 2559 133 2626 ἐπὶ
159 2571 219 2627 τοῦ
244 2567 286 2645 Ζ,
318 2564 355 2629 τὸ
383 2561 420 2628 δὲ
447 2562 560 2650 ἕτερον
587 2562 640 2628 ἐπὶ
663 2571 723 2627 τοῦ
747 2567 793 2646 Λ,
826 2563 888 2628 άπὸ
913 2560 950 2627 δὲ
972 2572 1032 2628 τοῦ
1056 2570 1090 2628 A

79 2670 218 2754 κέντρου
250 2670 345 2752 ἤχθω
377 2671 467 2756 παρὰ
498 2672 559 2754 τῆν
593 2675 655 2735 ΒΖ
687 2669 707 2753 ἤ
740 2673 819 2734 AK.
877 2670 1001 2734 οὐκοῦν
1034 2668 1093 2735 ε’άν

79 2775 242 2858 μενούσης
273 2784 331 2859 τῆς
357 2780 432 2841 AK
460 2778 497 2842 τὸ
529 2781 599 2841 ΒΚ
626 2778 969 2863 παραλληλόγραμμον
1000 2797 1092 2862 περι-

80 2878 216 2965 ενεχθὲν
239 2883 287 2959 είς
304 2883 341 2947 τὸ
361 2883 441 2948 αὐτὸ
460 2884 561 2949 πάλιν
580 2883 844 2967 άποκατασταθῆ,
868 2882 950 2947 ὅθεν
970 2881 1092 2969 ἤρξατο

25 3000 60 3049 25
79 2986 257 3075 φέρεσθαι,
284 2990 321 3054 τὸ
344 2989 549 3077 περιγραφὲν
574 2991 639 3056 ὑπὸ
667 2998 725 3072 τῆς
747 2993 809 3052 ΒΛ
837 2997 944 3073 σχῆμα
971 2990 1092 3066 κύκλος

80 3097 180 3180 ἔσται,
203 3097 240 3172 ὄς
257 3120 295 3178 γε
318 3098 374 3161 διὰ
396 3107 456 3163 τοῦ
479 3097 618 3184 κέντρου
642 3094 710 3161 ἐστὶ
732 3103 790 3179 τῆς
813 3098 966 3181 σφαίρας.
1007 3096 1091 3162 ὥστε

558 1799 616 1865 κε’.

150 3294 175 3342 4.
198 3289 264 3360 PK]
286 3293 350 3359 Pp,
370 3294 427 3343 ΚΡ
441 3307 466 3343 v.
557 3294 581 3344 8.
602 3289 660 3360 ὁρ]
679 3286 709 3340 in
727 3304 781 3341 ras.
801 3305 837 3340 m.
859 3293 873 3339 1
893 3286 926 3342 V.
1015 3295 1039 3342 9.
1059 3289 1090 3343 τὸ

81 3363 112 3412 N
118 3363 168 3413 ΖΔ
182 3361 255 3431 (pr.)]
274 3361 324 3415 τὸν
345 3365 396 3414 ΖΛ
413 3377 444 3428 v3
462 3359 494 3413 τὸ
512 3362 579 3429 ΝΖ,
598 3359 662 3414 add.
683 3362 737 3412 ΣΛ
755 3377 790 3412 m.
806 3365 831 3426 2,
850 3374 877 3426 p.
950 3359 982 3412 τὸ
1002 3362 1034 3412 Ν
1041 3363 1091 3414 ΖΛ

80 3429 163 3502 (alm
191 3430 241 3484 τὸν
268 3435 317 3485 ΖΛ
340 3450 370 3498 v3
398 3430 429 3484 τὸ
454 3434 554 3499 ΝΖΛ,
583 3448 667 3500 supra
691 3429 755 3482 add.
776 3432 804 3481 Σ
823 3447 859 3482 m.
879 3435 909 3497 2,
936 3446 964 3497 p.
1048 3437 1090 3485 10.

69 3499 148 3553 ἔστιν
161 3501 240 3572 ἤτω]
257 3501 314 3556 ἐστι
331 3519 358 3572 p.
434 3503 527 3572 μεῖζον
545 3520 572 3557 v.
647 3502 685 3572 P]
703 3516 718 3553 e
736 3516 804 3553 corr.
824 3517 850 3567 p.
926 3505 967 3555 13.
990 3502 1022 3555 N
1026 3503 1090 3573 ZA]
