2334 3788
109 141 175 206 202
319 142 529 195 omcomm
547 143 725 197 ωωοααειο
745 144 910 195 'ramma

173 285 270 352 Ἀλλδι
292 287 334 370 δὴ
357 286 378 370 ἡ
401 291 467 351 AZ
489 287 570 371 μήτε
593 291 647 369 ἴση
671 288 753 351 ἔστω
776 296 816 372 τῇ
839 284 875 351 έκ
897 294 957 351 τοῦ
979 283 1121 372 κέντρου

109 395 188 478 μήτε
211 394 294 480 πρὸς
316 391 423 479 ὀρθάς
444 402 490 481 τῷ
513 401 573 458 τοῦ
591 393 715 457 κύκλου
737 390 889 481 ἐπιπέδῳ,
913 398 986 470 ἴσας
1004 389 1041 458 δὲ
1060 417 1123 475 γω-

109 503 183 576 νίας
204 503 337 565 ποιείτω
356 501 415 576 τδις
433 498 500 564 ὑπὸ
518 506 585 565 ΛΑ
592 503 627 584 Ζ,

112 610 210 671 ΖΑΓ
219 603 275 671 καί
288 611 355 671 ΕΑ
362 611 399 691 Ζ,
410 610 514 670 ΖΑΒ.
533 604 628 689 λέγω,

74 713 161 779 σὸτι
186 710 242 777 καῖ
270 713 376 790 οὕτως
401 713 439 777 αι’
458 712 629 798 διάμετροι

110 825 179 885 ἴσαι
206 822 422 905 φανήσονται.
468 818 537 884 ἐπεὶ
564 820 627 905 γάρ

110 932 164 1010 ἴση
197 924 288 991 ἐστὶν
323 925 344 1009 ἡ
377 932 444 991 AA
474 936 514 1011 τῇ
547 933 579 991 A
586 929 627 1009 Γ,

108 1035 204 1118 κοινὴ
227 1030 265 1097 δὲ
286 1032 307 1116 ἡ
331 1039 364 1097 A
370 1037 407 1116 Ζ,
429 1031 485 1097 καὶ
505 1036 629 1115 γωνίας

110 1146 183 1218 ἴσας
204 1137 424 1226 περιέχουσιν,
446 1139 544 1223 βάσις
564 1141 628 1226 άρα
653 1140 660 1154 '

58 1246 130 1330 1οὴ
161 1251 228 1313 ΔΖ
267 1246 362 1330 βάσει
397 1255 437 1331 τη
472 1249 539 1311 ΖΓ
574 1252 627 1330 ἴση

110 1351 200 1417 ἐστὶν
218 1351 273 1417 καὶ
288 1357 392 1435 γωνία
410 1351 430 1435 ἡ
444 1352 510 1417 ὑπὸ
523 1358 628 1418 ΔΖΑ

108 1469 148 1544 τῇ
180 1457 245 1523 ὑπὸ
274 1461 381 1523 ΑΖΓ.
436 1457 558 1542 ὁμοίως
586 1459 627 1542 δη

109 1561 275 1648 δείξομεν,
318 1565 368 1630 ὅτι
408 1563 464 1630 καὶ
504 1565 524 1648 ἡ
561 1566 627 1630 ὑπὸ

109 1675 210 1735 ΕΖΑ
241 1679 281 1756 τῇ
312 1671 377 1736 ὑπὸ
406 1676 505 1736 ΑΖΒ
538 1671 628 1737 ἐστιν

57 1794 90 1842 15
111 1783 174 1862 ἴση.
220 1778 279 1861 ὅλη
307 1779 371 1865 άρα
397 1778 418 1860 ἡ
445 1778 510 1843 ὑπὸ
533 1783 634 1843 ΔΖΒ
662 1779 721 1864 ὅλη
749 1789 788 1865 τῇ
815 1778 880 1843 ὑπὸ
906 1781 1008 1844 ΕΖΓ
1031 1777 1124 1844 ἐστιν

110 1890 173 1968 ἴση.
219 1887 302 1950 ὥστε
325 1886 362 1949 αί
383 1886 551 1969 διάμετροι
575 1892 643 1950 ἴσαι
666 1888 881 1970 φανήσονται.

588 2079 650 2148 λς’.

173 2199 249 2266 Ἐάν
272 2199 309 2266 δὲ
331 2201 352 2285 ἡ
376 2202 439 2268 άπὸ
461 2213 520 2268 τοῦ
540 2203 684 2289 ὄμματος
705 2206 789 2291 πρὸς
806 2206 843 2269 τὸ
862 2202 1000 2290 κέντρον
1018 2219 1125 2287 προσ-

109 2310 273 2371 πίπτουσα
291 2317 351 2372 τοῦ
367 2311 491 2374 κύκλου
506 2311 586 2393 μήτε
603 2312 686 2396 πρὸς
701 2305 842 2398 δρθδιςῇ
860 2320 906 2398 τῷ
921 2318 981 2373 τοῦ
995 2311 1123 2374 κύκλου

57 2429 91 2478 20
111 2411 251 2500 ἐπιπέδῳ
270 2416 349 2498 μήτε
369 2421 422 2497 ἴση
441 2410 462 2500 ᾗ
481 2426 520 2501 τῇ
536 2415 570 2480 έκ
584 2426 644 2480 τοῦ
659 2416 799 2501 κέντρου
816 2419 896 2501 μήτε
911 2422 985 2492 ἴσας
998 2420 1123 2498 γωνίας

108 2519 305 2604 περιέχουσα
323 2522 402 2604 μετά
421 2532 488 2585 τῶν
507 2521 543 2586 ἐκ
561 2531 620 2585 τοῦ
639 2521 789 2609 κέντρου,
808 2527 927 2607 μείζων
943 2519 980 2586 δέ
994 2521 1014 2604 ἢ
1030 2521 1122 2587 ἐλάσ-

110 2641 178 2689 σων
196 2635 254 2708 τῆς
272 2625 307 2690 ἐκ
326 2636 385 2690 τοῦ
399 2627 548 2712 κέντρου,
567 2629 677 2693 άνισοι
692 2631 728 2693 αἴ
740 2630 909 2716 διάμετροι
924 2637 1121 2713 φανοῦνται.

176 2735 257 2797 ἔστω
281 2734 344 2820 γάρ
367 2735 497 2815 κύκλος,
521 2729 561 2799 οὗ
580 2733 718 2820 κέντρον
736 2736 773 2800 τὸ
793 2742 835 2819 Α,
857 2734 913 2799 καὶ
932 2735 995 2799 άπὸ
1013 2745 1074 2799 τοῦ
1092 2740 1121 2799 Β

109 2837 253 2923 ὄμματος
276 2837 328 2903 έπὶ
346 2841 383 2904 τὸ
402 2838 541 2927 κέντρον
559 2850 619 2905 τοῦ
637 2843 761 2906 κύκλου
780 2842 896 2906 εὐθεῖα
914 2843 1007 2925 ἤχθω
1023 2841 1043 2924 ἡ
1058 2845 1122 2906 ΒΑ

55 2959 90 3008 25
109 2943 165 3009 καῖ
192 2947 274 3010 ἔστω
302 2947 381 3030 μήτε
412 2950 495 3033 πρὸς
522 2948 630 3035 ὀρθάς
656 2957 702 3036 τῷ
726 2946 867 3035 ἐπιπέδῳ
895 2951 975 3033 μήτε
1003 2953 1057 3030 ἴση
1081 2957 1121 3032 τῇ

109 3051 145 3117 ἐκ
171 3061 232 3116 τοῦ
259 3049 398 3138 κέντρου
425 3062 486 3117 τοῦ
513 3055 638 3119 κύκλου
667 3055 746 3138 μήτε
775 3060 848 3129 ἴσας
875 3056 998 3135 γωνίας
1029 3075 1121 3136 περι-

109 3156 229 3242 έχουσα
252 3161 331 3241 μετὰ
354 3170 421 3224 τῶν
444 3160 480 3225 έκ
501 3169 561 3225 τοῦ
585 3159 734 3247 κέντρου.
779 3159 878 3244 λέγω,
907 3161 957 3224 ὅτι
986 3162 1022 3224 αί
1048 3159 1122 3224 διά-

108 3288 220 3352 μετροι
243 3274 304 3330 τοῦ
326 3268 449 3331 κύκλου
473 3267 583 3330 άνισοι
607 3268 821 3350 φανήσονται.

181 3427 204 3477 7.
225 3420 282 3493 ἴση]
303 3422 355 3476 εἴσι
373 3441 398 3477 v.
492 3429 532 3477 11.
559 3420 614 3475 ἐστί
632 3441 659 3492 p.
747 3424 944 3495 ΔΖΑ]ΕΖΑ
963 3441 990 3491 p.
1079 3429 1122 3477 14.

99 3493 200 3564 ΕΖΔ]
218 3496 359 3550 Zecorr.
372 3494 405 3550 V.
460 3493 529 3568 ὑπό]
547 3493 603 3549 ἀπό
623 3512 649 3548 v.
723 3501 764 3548 15.
784 3495 876 3565 ΔΖΒ]
896 3497 978 3547 ΔΒΖ
996 3493 1030 3563 V,
1050 3510 1122 3549 corr.
