<?xml version="1.0" encoding="UTF-8"?>
<!DOCTYPE html PUBLIC "-//W3C//DTD XHTML 1.0 Transitional//EN"
    "http://www.w3.org/TR/xhtml1/DTD/xhtml1-transitional.dtd">
<html xmlns="http://www.w3.org/1999/xhtml" xml:lang="en" lang="en">
 <head>
  <title>
</title>
<meta http-equiv="Content-Type" content="text/html;charset=utf-8" />
  <meta name='ocr-system' content='tesseract 3.04.00' />
  <meta name='ocr-capabilities' content='ocr_page ocr_carea ocr_par ocr_line ocrx_word'/>
</head>
<body>
  <div class='ocr_page' id='page_1' title='image "./euclidisoperaom13unkngoog_0124.png"; bbox 0 0 2334 3788; ppageno 0'>
   <div class='ocr_carea' id='block_1_1' title="bbox 408 85 1079 162">
    <p class='ocr_par' dir='ltr' id='par_1_1' title="bbox 408 85 1079 162">
     <span class='ocr_line' id='line_1_1' title="bbox 408 85 1079 162; baseline 0.006 -16"><span class='ocrx_word' id='word_1_1' title='bbox 408 95 578 162; x_wconf 68' lang='lat' dir='ltr'>cucumis</span> <span class='ocrx_word' id='word_1_2' title='bbox 598 93 736 146; x_wconf 73' lang='lat' dir='ltr'>cruci.</span> <span class='ocrx_word' id='word_1_3' title='bbox 1035 85 1079 150; x_wconf 89' lang='grc'>49</span> 
     </span>
    </p>
   </div>
   <div class='ocr_carea' id='block_1_2' title="bbox 69 233 1081 324">
    <p class='ocr_par' dir='ltr' id='par_1_2' title="bbox 69 233 1081 324">
     <span class='ocr_line' id='line_1_2' title="bbox 69 233 1081 324; baseline -0.01 -18"><span class='ocrx_word' id='word_1_4' title='bbox 69 245 103 306; x_wconf 88' lang='lat' dir='ltr'>et</span> <span class='ocrx_word' id='word_1_5' title='bbox 120 260 172 324; x_wconf 69' lang='lat' dir='ltr'>qa.</span> <span class='ocrx_word' id='word_1_6' title='bbox 217 243 370 304; x_wconf 91' lang='lat' dir='ltr'>neutrum</span> <span class='ocrx_word' id='word_1_7' title='bbox 397 260 475 324; x_wconf 83' lang='lat' dir='ltr'>ergo</span> <span class='ocrx_word' id='word_1_8' title='bbox 504 257 615 301; x_wconf 91' lang='lat' dir='ltr'>eorum</span> <span class='ocrx_word' id='word_1_9' title='bbox 642 240 731 301; x_wconf 83' lang='lat' dir='ltr'>secat</span> <span class='ocrx_word' id='word_1_10' title='bbox 758 233 960 300; x_wconf 83' lang='lat' dir='ltr'>chilindrum.</span> <span class='ocrx_word' id='word_1_11' title='bbox 1007 255 1081 298; x_wconf 90' lang='lat' dir='ltr'>con·</span> 
     </span>
    </p>
   </div>
   <div class='ocr_carea' id='block_1_3' title="bbox 69 339 1080 535">
    <p class='ocr_par' dir='ltr' id='par_1_3' title="bbox 69 339 1080 535">
     <span class='ocr_line' id='line_1_3' title="bbox 69 339 1080 432; baseline -0.009 -21"><span class='ocrx_word' id='word_1_12' title='bbox 69 346 201 432; x_wconf 75' lang='lat' dir='ltr'>tingunt</span> <span class='ocrx_word' id='word_1_13' title='bbox 225 345 312 410; x_wconf 89' lang='lat' dir='ltr'>enim</span> <span class='ocrx_word' id='word_1_14' title='bbox 335 349 368 409; x_wconf 85' lang='lat' dir='ltr'>ct</span> <span class='ocrx_word' id='word_1_15' title='bbox 390 345 433 409; x_wconf 77' lang='lat' dir='ltr'>db</span> <span class='ocrx_word' id='word_1_16' title='bbox 460 348 493 408; x_wconf 93' lang='lat' dir='ltr'>et</span> <span class='ocrx_word' id='word_1_17' title='bbox 516 346 560 426; x_wconf 69' lang='lat' dir='ltr'>dy</span> <span class='ocrx_word' id='word_1_18' title='bbox 582 347 616 407; x_wconf 93' lang='lat' dir='ltr'>et</span> <span class='ocrx_word' id='word_1_19' title='bbox 637 342 676 407; x_wconf 82' lang='lat' dir='ltr'>be</span> <span class='ocrx_word' id='word_1_20' title='bbox 698 346 731 406; x_wconf 93' lang='lat' dir='ltr'>et</span> <span class='ocrx_word' id='word_1_21' title='bbox 751 362 803 424; x_wconf 68' lang='lat' dir='ltr'>qa.</span> <span class='ocrx_word' id='word_1_22' title='bbox 848 339 978 404; x_wconf 89' lang='lat' dir='ltr'>uidetur</span> <span class='ocrx_word' id='word_1_23' title='bbox 1000 361 1080 424; x_wconf 87' lang='lat' dir='ltr'>ergo</span> 
     </span>
     <span class='ocr_line' id='line_1_4' title="bbox 69 445 1080 535; baseline -0.008 -17"><span class='ocrx_word' id='word_1_24' title='bbox 69 453 128 518; x_wconf 89' lang='lat' dir='ltr'>sub</span> <span class='ocrx_word' id='word_1_25' title='bbox 147 453 193 517; x_wconf 79' lang='lat' dir='ltr'>bd</span> <span class='ocrx_word' id='word_1_26' title='bbox 214 457 248 517; x_wconf 93' lang='lat' dir='ltr'>et</span> <span class='ocrx_word' id='word_1_27' title='bbox 270 455 314 535; x_wconf 71' lang='lat' dir='ltr'>dy</span> <span class='ocrx_word' id='word_1_28' title='bbox 337 452 378 534; x_wconf 70' lang='lat' dir='ltr'>by</span> <span class='ocrx_word' id='word_1_29' title='bbox 402 449 532 534; x_wconf 91' lang='lat' dir='ltr'>quidem</span> <span class='ocrx_word' id='word_1_30' title='bbox 554 449 661 513; x_wconf 89' lang='lat' dir='ltr'>minus</span> <span class='ocrx_word' id='word_1_31' title='bbox 685 445 896 512; x_wconf 79' lang='lat' dir='ltr'>semicirculo.</span> <span class='ocrx_word' id='word_1_32' title='bbox 934 446 974 509; x_wconf 90' lang='lat' dir='ltr'>ad</span> <span class='ocrx_word' id='word_1_33' title='bbox 991 445 1080 510; x_wconf 89' lang='lat' dir='ltr'>hunc</span> 
     </span>
    </p>
   </div>
   <div class='ocr_carea' id='block_1_4' title="bbox 68 554 1132 744">
    <p class='ocr_par' dir='ltr' id='par_1_4' title="bbox 68 554 1132 744">
     <span class='ocr_line' id='line_1_5' title="bbox 68 554 958 636; baseline -0.011 -11"><span class='ocrx_word' id='word_1_34' title='bbox 68 564 179 624; x_wconf 88' lang='lat' dir='ltr'>autem</span> <span class='ocrx_word' id='word_1_35' title='bbox 202 560 335 635; x_wconf 86' lang='lat' dir='ltr'>modum</span> <span class='ocrx_word' id='word_1_36' title='bbox 358 561 391 621; x_wconf 91' lang='lat' dir='ltr'>et</span> <span class='ocrx_word' id='word_1_37' title='bbox 413 556 520 621; x_wconf 88' lang='lat' dir='ltr'>minus</span> <span class='ocrx_word' id='word_1_38' title='bbox 543 554 791 619; x_wconf 86' lang='lat' dir='ltr'>hemichilindro</span> <span class='ocrx_word' id='word_1_39' title='bbox 816 557 958 636; x_wconf 84' lang='lat' dir='ltr'>apparet.</span> 
     </span>
     <span class='ocr_line' id='line_1_6' title="bbox 136 658 1132 744; baseline -0.011 -14"><span class='ocrx_word' id='word_1_40' title='bbox 136 666 164 730; x_wconf 90' lang='lat' dir='ltr'>si</span> <span class='ocrx_word' id='word_1_41' title='bbox 192 666 318 731; x_wconf 87' lang='lat' dir='ltr'>duobus</span> <span class='ocrx_word' id='word_1_42' title='bbox 347 663 449 729; x_wconf 91' lang='lat' dir='ltr'>oculis</span> <span class='ocrx_word' id='word_1_43' title='bbox 473 662 648 727; x_wconf 85' lang='lat' dir='ltr'>chilindrus</span> <span class='ocrx_word' id='word_1_44' title='bbox 671 660 833 744; x_wconf 87' lang='lat' dir='ltr'>uideatur,</span> <span class='ocrx_word' id='word_1_45' title='bbox 863 658 1081 739; x_wconf 86' lang='lat' dir='ltr'>manifestum,</span> <span class='ocrx_word' id='word_1_46' title='bbox 1116 666 1132 716; x_wconf 73' lang='grc' dir='ltr'>ὅ</span> 
     </span>
    </p>
   </div>
   <div class='ocr_carea' id='block_1_5' title="bbox 28 766 915 858">
    <p class='ocr_par' dir='ltr' id='par_1_5' title="bbox 28 766 915 858">
     <span class='ocr_line' id='line_1_7' title="bbox 28 766 915 858; baseline -0.011 -19"><span class='ocrx_word' id='word_1_47' title='bbox 28 766 32 772; x_wconf 59' lang='grc'><strong>’</strong></span> <span class='ocrx_word' id='word_1_48' title='bbox 68 773 225 858; x_wconf 87' lang='lat' dir='ltr'>quoniam</span> <span class='ocrx_word' id='word_1_49' title='bbox 248 771 339 837; x_wconf 88' lang='lat' dir='ltr'>etin</span> <span class='ocrx_word' id='word_1_50' title='bbox 361 792 400 835; x_wconf 89' lang='lat' dir='ltr'>eo</span> <span class='ocrx_word' id='word_1_51' title='bbox 424 768 628 854; x_wconf 81' lang='lat' dir='ltr'>contingunt,</span> <span class='ocrx_word' id='word_1_52' title='bbox 651 790 732 851; x_wconf 89' lang='lat' dir='ltr'>quae</span> <span class='ocrx_word' id='word_1_53' title='bbox 756 768 791 831; x_wconf 90' lang='lat' dir='ltr'>in</span> <span class='ocrx_word' id='word_1_54' title='bbox 814 788 915 851; x_wconf 87' lang='lat' dir='ltr'>spera.</span> 
     </span>
    </p>
   </div>
   <div class='ocr_carea' id='block_1_6' title="bbox 69 960 1083 1268">
    <p class='ocr_par' dir='ltr' id='par_1_6' title="bbox 69 960 1083 1268">
     <span class='ocr_line' id='line_1_8' title="bbox 135 960 1083 1050; baseline -0.012 -17"><span class='ocrx_word' id='word_1_55' title='bbox 135 968 218 1033; x_wconf 84' lang='lat' dir='ltr'>Esto</span> <span class='ocrx_word' id='word_1_56' title='bbox 242 967 389 1050; x_wconf 80' lang='lat' dir='ltr'>circulus,</span> <span class='ocrx_word' id='word_1_57' title='bbox 413 964 504 1029; x_wconf 89' lang='lat' dir='ltr'>cuius</span> <span class='ocrx_word' id='word_1_58' title='bbox 529 963 572 1028; x_wconf 92' lang='lat' dir='ltr'>sit</span> <span class='ocrx_word' id='word_1_59' title='bbox 595 967 741 1028; x_wconf 75' lang='lat' dir='ltr'>centrum</span> <span class='ocrx_word' id='word_1_60' title='bbox 764 983 797 1044; x_wconf 84' lang='lat' dir='ltr'>c,</span> <span class='ocrx_word' id='word_1_61' title='bbox 820 982 898 1025; x_wconf 85' lang='lat' dir='ltr'>uero</span> <span class='ocrx_word' id='word_1_62' title='bbox 922 960 966 1024; x_wconf 91' lang='lat' dir='ltr'>sit</span> <span class='ocrx_word' id='word_1_63' title='bbox 989 963 1083 1023; x_wconf 83' lang='lat' dir='ltr'>extra</span> 
     </span>
     <span class='ocr_line' id='line_1_9' title="bbox 70 1070 1081 1162; baseline -0.01 -23"><span class='ocrx_word' id='word_1_64' title='bbox 70 1072 158 1162; x_wconf 54' lang='lat' dir='ltr'>sitffla</span> <span class='ocrx_word' id='word_1_65' title='bbox 182 1078 214 1138; x_wconf 87' lang='lat' dir='ltr'>et</span> <span class='ocrx_word' id='word_1_66' title='bbox 233 1073 450 1158; x_wconf 81' lang='lat' dir='ltr'>coniungatur</span> <span class='ocrx_word' id='word_1_67' title='bbox 469 1090 521 1155; x_wconf 71' lang='lat' dir='ltr'>aa,</span> <span class='ocrx_word' id='word_1_68' title='bbox 543 1074 576 1134; x_wconf 87' lang='lat' dir='ltr'>et</span> <span class='ocrx_word' id='word_1_69' title='bbox 593 1070 743 1133; x_wconf 77' lang='lat' dir='ltr'>trahatur</span> <span class='ocrx_word' id='word_1_70' title='bbox 761 1090 780 1130; x_wconf 90' lang='lat' dir='ltr'>a</span> <span class='ocrx_word' id='word_1_71' title='bbox 797 1071 919 1151; x_wconf 88' lang='lat' dir='ltr'>puncto</span> <span class='ocrx_word' id='word_1_72' title='bbox 934 1089 956 1131; x_wconf 84' lang='lat' dir='ltr'>a</span> <span class='ocrx_word' id='word_1_73' title='bbox 973 1070 1081 1130; x_wconf 82' lang='lat' dir='ltr'>rectae</span> 
     </span>
     <span class='ocr_line' id='line_1_10' title="bbox 69 1173 1081 1268; baseline -0.012 -21"><span class='ocrx_word' id='word_1_74' title='bbox 69 1202 113 1247; x_wconf 72' lang='lat' dir='ltr'>aa</span> <span class='ocrx_word' id='word_1_75' title='bbox 140 1178 315 1268; x_wconf 15' lang='lat' dir='ltr'>ari-{rectos</span> <span class='ocrx_word' id='word_1_76' title='bbox 342 1178 377 1241; x_wconf 93' lang='lat' dir='ltr'>in</span> <span class='ocrx_word' id='word_1_77' title='bbox 404 1182 541 1260; x_wconf 83' lang='lat' dir='ltr'>utraque</span> <span class='ocrx_word' id='word_1_78' title='bbox 565 1178 619 1259; x_wconf 65' lang='lat' dir='ltr'>qd.</span> <span class='ocrx_word' id='word_1_79' title='bbox 666 1197 704 1239; x_wconf 85' lang='lat' dir='ltr'>ca</span> <span class='ocrx_word' id='word_1_80' title='bbox 731 1195 809 1259; x_wconf 83' lang='lat' dir='ltr'>crgo</span> <span class='ocrx_word' id='word_1_81' title='bbox 829 1175 877 1256; x_wconf 71' lang='lat' dir='ltr'>cd</span> <span class='ocrx_word' id='word_1_82' title='bbox 903 1173 1081 1236; x_wconf 78' lang='lat' dir='ltr'>diametrus</span> 
     </span>
    </p>
   </div>
   <div class='ocr_carea' id='block_1_7' title="bbox 19 2586 1132 3206">
    <p class='ocr_par' dir='ltr' id='par_1_7' title="bbox 19 2586 1132 3206">
     <span class='ocr_line' id='line_1_11' title="bbox 69 2586 1132 2673; baseline 0.003 -23"><span class='ocrx_word' id='word_1_83' title='bbox 69 2591 121 2651; x_wconf 90' lang='lat' dir='ltr'>est</span> <span class='ocrx_word' id='word_1_84' title='bbox 144 2586 265 2651; x_wconf 81' lang='lat' dir='ltr'>circuli.</span> <span class='ocrx_word' id='word_1_85' title='bbox 311 2593 344 2652; x_wconf 86' lang='lat' dir='ltr'>et</span> <span class='ocrx_word' id='word_1_86' title='bbox 367 2588 568 2653; x_wconf 83' lang='lat' dir='ltr'>describatur</span> <span class='ocrx_word' id='word_1_87' title='bbox 591 2588 676 2652; x_wconf 88' lang='lat' dir='ltr'>circa</span> <span class='ocrx_word' id='word_1_88' title='bbox 699 2607 741 2653; x_wconf 71' lang='lat' dir='ltr'>aa</span> <span class='ocrx_word' id='word_1_89' title='bbox 764 2586 903 2652; x_wconf 90' lang='lat' dir='ltr'>circulus</span> <span class='ocrx_word' id='word_1_90' title='bbox 926 2588 1025 2673; x_wconf 73' lang='lat' dir='ltr'>abac,</span> <span class='ocrx_word' id='word_1_91' title='bbox 1049 2591 1082 2653; x_wconf 92' lang='lat' dir='ltr'>et</span> <span class='ocrx_word' id='word_1_92' title='bbox 1101 2603 1132 2653; x_wconf 84' lang='lat'>10</span> 
     </span>
     <span class='ocr_line' id='line_1_12' title="bbox 72 2693 1083 2780; baseline 0.005 -24"><span class='ocrx_word' id='word_1_93' title='bbox 72 2693 311 2779; x_wconf 85' lang='lat' dir='ltr'>coniungantur</span> <span class='ocrx_word' id='word_1_94' title='bbox 339 2695 394 2780; x_wconf 82' lang='lat' dir='ltr'>ab,</span> <span class='ocrx_word' id='word_1_95' title='bbox 418 2695 470 2780; x_wconf 70' lang='lat' dir='ltr'>ba,</span> <span class='ocrx_word' id='word_1_96' title='bbox 497 2715 546 2779; x_wconf 72' lang='lat' dir='ltr'>rc,</span> <span class='ocrx_word' id='word_1_97' title='bbox 570 2716 619 2758; x_wconf 84' lang='lat' dir='ltr'>ca.</span> <span class='ocrx_word' id='word_1_98' title='bbox 672 2693 783 2778; x_wconf 87' lang='lat' dir='ltr'>itaque</span> <span class='ocrx_word' id='word_1_99' title='bbox 810 2694 850 2758; x_wconf 75' lang='lat' dir='ltr'>ab</span> <span class='ocrx_word' id='word_1_100' title='bbox 882 2698 915 2758; x_wconf 87' lang='lat' dir='ltr'>et</span> <span class='ocrx_word' id='word_1_101' title='bbox 941 2716 979 2760; x_wconf 71' lang='lat' dir='ltr'>aa</span> <span class='ocrx_word' id='word_1_102' title='bbox 1007 2718 1083 2760; x_wconf 89' lang='lat' dir='ltr'>con·</span> 
     </span>
     <span class='ocr_line' id='line_1_13' title="bbox 71 2799 1084 2885; baseline 0.005 -22"><span class='ocrx_word' id='word_1_103' title='bbox 71 2799 214 2884; x_wconf 82' lang='lat' dir='ltr'>tingunt,</span> <span class='ocrx_word' id='word_1_104' title='bbox 233 2800 387 2883; x_wconf 88' lang='lat' dir='ltr'>quoniam</span> <span class='ocrx_word' id='word_1_105' title='bbox 406 2800 535 2884; x_wconf 85' lang='lat' dir='ltr'>quidem</span> <span class='ocrx_word' id='word_1_106' title='bbox 554 2799 610 2883; x_wconf 92' lang='lat' dir='ltr'>qui</span> <span class='ocrx_word' id='word_1_107' title='bbox 629 2800 668 2863; x_wconf 85' lang='lat' dir='ltr'>ad</span> <span class='ocrx_word' id='word_1_108' title='bbox 687 2800 743 2885; x_wconf 81' lang='lat' dir='ltr'>b,c</span> <span class='ocrx_word' id='word_1_109' title='bbox 760 2803 881 2883; x_wconf 87' lang='lat' dir='ltr'>puncta</span> <span class='ocrx_word' id='word_1_110' title='bbox 900 2806 976 2866; x_wconf 89' lang='lat' dir='ltr'>sunt</span> <span class='ocrx_word' id='word_1_111' title='bbox 992 2802 1084 2868; x_wconf 90' lang='lat' dir='ltr'>recti.</span> 
     </span>
     <span class='ocr_line' id='line_1_14' title="bbox 73 2906 1085 2992; baseline 0.005 -23"><span class='ocrx_word' id='word_1_112' title='bbox 73 2906 227 2988; x_wconf 84' lang='lat' dir='ltr'>quoniam</span> <span class='ocrx_word' id='word_1_113' title='bbox 250 2928 327 2992; x_wconf 83' lang='lat' dir='ltr'>ergo</span> <span class='ocrx_word' id='word_1_114' title='bbox 351 2908 392 2970; x_wconf 88' lang='lat' dir='ltr'>ab</span> <span class='ocrx_word' id='word_1_115' title='bbox 416 2906 525 2991; x_wconf 89' lang='lat' dir='ltr'>aliquo</span> <span class='ocrx_word' id='word_1_116' title='bbox 548 2910 669 2992; x_wconf 91' lang='lat' dir='ltr'>puncto</span> <span class='ocrx_word' id='word_1_117' title='bbox 692 2906 846 2972; x_wconf 87' lang='lat' dir='ltr'>uidelicet</span> <span class='ocrx_word' id='word_1_118' title='bbox 867 2927 885 2974; x_wconf 70' lang='lat' dir='ltr'>a</span> <span class='ocrx_word' id='word_1_119' title='bbox 908 2908 948 2972; x_wconf 91' lang='lat' dir='ltr'>ad</span> <span class='ocrx_word' id='word_1_120' title='bbox 972 2909 1085 2974; x_wconf 88' lang='lat' dir='ltr'>circuli</span> 
     </span>
     <span class='ocr_line' id='line_1_15' title="bbox 71 3012 1084 3099; baseline 0.004 -23"><span class='ocrx_word' id='word_1_121' title='bbox 71 3012 258 3096; x_wconf 86' lang='lat' dir='ltr'>periseriam</span> <span class='ocrx_word' id='word_1_122' title='bbox 282 3013 432 3077; x_wconf 85' lang='lat' dir='ltr'>accidunt</span> <span class='ocrx_word' id='word_1_123' title='bbox 455 3013 536 3077; x_wconf 87' lang='lat' dir='ltr'>radii</span> <span class='ocrx_word' id='word_1_124' title='bbox 559 3013 612 3098; x_wconf 72' lang='lat' dir='ltr'>ba,</span> <span class='ocrx_word' id='word_1_125' title='bbox 634 3033 684 3097; x_wconf 73' lang='lat' dir='ltr'>re,</span> <span class='ocrx_word' id='word_1_126' title='bbox 711 3035 788 3099; x_wconf 86' lang='lat' dir='ltr'>ergo</span> <span class='ocrx_word' id='word_1_127' title='bbox 812 3015 851 3079; x_wconf 85' lang='lat' dir='ltr'>bc</span> <span class='ocrx_word' id='word_1_128' title='bbox 872 3037 948 3099; x_wconf 86' lang='lat' dir='ltr'>pars</span> <span class='ocrx_word' id='word_1_129' title='bbox 971 3015 1084 3080; x_wconf 84' lang='lat' dir='ltr'>circuli</span> 
     </span>
     <span class='ocr_line' id='line_1_16' title="bbox 19 3117 1132 3206; baseline 0.004 -25"><span class='ocrx_word' id='word_1_130' title='bbox 19 3153 21 3156; x_wconf 40' lang='lat'><em>⁴</em></span> <span class='ocrx_word' id='word_1_131' title='bbox 72 3117 198 3183; x_wconf 85' lang='lat' dir='ltr'>uidebit</span> <span class='ocrx_word' id='word_1_132' title='bbox 184 3123 245 3183; x_wconf 91' lang='lat' dir='ltr'>tur.</span> <span class='ocrx_word' id='word_1_133' title='bbox 298 3124 348 3183; x_wconf 89' lang='lat' dir='ltr'>est</span> <span class='ocrx_word' id='word_1_134' title='bbox 377 3123 433 3183; x_wconf 94' lang='lat' dir='ltr'>aut</span> <span class='ocrx_word' id='word_1_135' title='bbox 434 3142 485 3184; x_wconf 95' lang='lat' dir='ltr'>em</span> <span class='ocrx_word' id='word_1_136' title='bbox 510 3120 601 3202; x_wconf 63' lang='lat' dir='ltr'>ebed</span> <span class='ocrx_word' id='word_1_137' title='bbox 626 3120 857 3186; x_wconf 79' lang='lat' dir='ltr'>semicirculus,</span> <span class='ocrx_word' id='word_1_138' title='bbox 908 3121 1018 3206; x_wconf 90' lang='lat' dir='ltr'>itaque</span> <span class='ocrx_word' id='word_1_139' title='bbox 1045 3121 1084 3186; x_wconf 82' lang='lat' dir='ltr'>bc</span> <span class='ocrx_word' id='word_1_140' title='bbox 1102 3132 1132 3185; x_wconf 69' lang='lat'>15</span> 
     </span>
    </p>
   </div>
   <div class='ocr_carea' id='block_1_8' title="bbox 71 3310 1085 3526">
    <p class='ocr_par' dir='ltr' id='par_1_8' title="bbox 71 3310 1085 3526">
     <span class='ocr_line' id='line_1_17' title="bbox 146 3310 1085 3383; baseline 0.005 -20"><span class='ocrx_word' id='word_1_141' title='bbox 146 3317 169 3364; x_wconf 85' lang='lat'>3.</span> <span class='ocrx_word' id='word_1_142' title='bbox 190 3312 238 3383; x_wconf 68' lang='lat' dir='ltr'>by]</span> <span class='ocrx_word' id='word_1_143' title='bbox 258 3312 312 3382; x_wconf 77' lang='lat' dir='ltr'>tc&#39;9</span> <span class='ocrx_word' id='word_1_144' title='bbox 329 3312 368 3365; x_wconf 90' lang='lat' dir='ltr'><em>D</em></span> <span class='ocrx_word' id='word_1_145' title='bbox 434 3317 456 3366; x_wconf 80' lang='lat'>7.</span> <span class='ocrx_word' id='word_1_146' title='bbox 476 3327 543 3365; x_wconf 87' lang='lat' dir='ltr'>uero</span> <span class='ocrx_word' id='word_1_147' title='bbox 564 3310 612 3382; x_wconf 87' lang='lat' dir='ltr'>sit]</span> <span class='ocrx_word' id='word_1_148' title='bbox 631 3329 681 3367; x_wconf 86' lang='lat' dir='ltr'>scr.</span> <span class='ocrx_word' id='word_1_149' title='bbox 700 3315 820 3382; x_wconf 86' lang='lat' dir='ltr'>punctus</span> <span class='ocrx_word' id='word_1_150' title='bbox 839 3328 914 3366; x_wconf 89' lang='lat' dir='ltr'>uero.</span> <span class='ocrx_word' id='word_1_151' title='bbox 974 3317 998 3366; x_wconf 89' lang='grc'>8</span> <span class='ocrx_word' id='word_1_152' title='bbox 1018 3328 1085 3368; x_wconf 90' lang='lat' dir='ltr'>con·</span> 
     </span>
     <span class='ocr_line' id='line_1_18' title="bbox 72 3379 1085 3463; baseline 0.003 -29"><span class='ocrx_word' id='word_1_153' title='bbox 72 3379 229 3451; x_wconf 83' lang='lat' dir='ltr'>iungantur</span> <span class='ocrx_word' id='word_1_154' title='bbox 247 3383 285 3437; x_wconf 93' lang='lat' dir='ltr'>D.</span> <span class='ocrx_word' id='word_1_155' title='bbox 363 3387 405 3437; x_wconf 78' lang='grc'>12</span> <span class='ocrx_word' id='word_1_156' title='bbox 430 3382 478 3463; x_wconf 89' lang='lat' dir='ltr'>ad]</span> <span class='ocrx_word' id='word_1_157' title='bbox 494 3389 557 3452; x_wconf 76' lang='lat' dir='ltr'>post</span> <span class='ocrx_word' id='word_1_158' title='bbox 574 3400 629 3438; x_wconf 80' lang='lat' dir='ltr'>ras</span> <span class='ocrx_word' id='word_1_159' title='bbox 648 3389 664 3436; x_wconf 85' lang='lat'><strong><em>1</em></strong></span> <span class='ocrx_word' id='word_1_160' title='bbox 685 3385 735 3438; x_wconf 71' lang='lat' dir='ltr'>lta.</span> <span class='ocrx_word' id='word_1_161' title='bbox 754 3385 793 3439; x_wconf 93' lang='lat' dir='ltr'><em>D</em></span> <span class='ocrx_word' id='word_1_162' title='bbox 869 3383 987 3454; x_wconf 85' lang='lat' dir='ltr'>puncta]</span> <span class='ocrx_word' id='word_1_163' title='bbox 1006 3401 1026 3453; x_wconf 87' lang='lat' dir='ltr'>p</span> <span class='ocrx_word' id='word_1_164' title='bbox 1043 3386 1085 3455; x_wconf 82' lang='lat' dir='ltr'>ta,</span> 
     </span>
     <span class='ocr_line' id='line_1_19' title="bbox 71 3453 779 3526; baseline 0.003 -20"><span class='ocrx_word' id='word_1_165' title='bbox 71 3469 159 3522; x_wconf 77' lang='lat' dir='ltr'>capra</span> <span class='ocrx_word' id='word_1_166' title='bbox 176 3472 195 3522; x_wconf 90' lang='lat' dir='ltr'>p</span> <span class='ocrx_word' id='word_1_167' title='bbox 213 3457 277 3520; x_wconf 54' lang='lat' dir='ltr'>ras.)</span> <span class='ocrx_word' id='word_1_168' title='bbox 296 3453 334 3507; x_wconf 92' lang='lat' dir='ltr'><em>D</em></span> <span class='ocrx_word' id='word_1_169' title='bbox 406 3455 489 3526; x_wconf 87' lang='lat' dir='ltr'>rectr]</span> <span class='ocrx_word' id='word_1_170' title='bbox 510 3471 577 3509; x_wconf 82' lang='lat' dir='ltr'>corr.</span> <span class='ocrx_word' id='word_1_171' title='bbox 596 3471 630 3509; x_wconf 78' lang='lat' dir='ltr'>ecc</span> <span class='ocrx_word' id='word_1_172' title='bbox 647 3456 723 3507; x_wconf 85' lang='lat' dir='ltr'>recte</span> <span class='ocrx_word' id='word_1_173' title='bbox 741 3455 779 3509; x_wconf 92' lang='lat' dir='ltr'>D.</span> 
     </span>
    </p>
   </div>
   <div class='ocr_carea' id='block_1_9' title="bbox 128 3547 940 3607">
    <p class='ocr_par' dir='ltr' id='par_1_9' title="bbox 128 3547 940 3607">
     <span class='ocr_line' id='line_1_20' title="bbox 128 3547 940 3607; baseline 0 -16"><span class='ocrx_word' id='word_1_174' title='bbox 128 3552 268 3592; x_wconf 61' lang='lat' dir='ltr'>*similias</span> <span class='ocrx_word' id='word_1_175' title='bbox 270 3552 678 3607; x_wconf 23' lang='grc' dir='ltr'>μᾶαψΗΘΘηΘΘςιΜιιΘςω</span> <span class='ocrx_word' id='word_1_176' title='bbox 917 3547 940 3597; x_wconf 63' lang='lat' dir='ltr'>u</span> 
     </span>
    </p>
   </div>
   <div class='ocr_carea' id='block_1_10' title="bbox 0 0 1172 3788">
    <p class='ocr_par' dir='ltr' id='par_1_10' title="bbox 0 0 1172 3788">
     <span class='ocr_line' id='line_1_21' title="bbox 0 0 1172 3788; baseline 0 0"><span class='ocrx_word' id='word_1_177' title='bbox 0 0 1172 3788; x_wconf 95' lang='lat' dir='ltr'> </span> 
     </span>
    </p>
   </div>
  </div>
 </body>
</html>
