2334 3788
301 143 511 197 OPPIOORUM
529 145 708 196 REOENSIO
727 144 893 198 minorue.
1040 140 1106 205 183

93 285 294 371 contingent.
314 307 413 370 quare
423 286 506 351 radii
520 290 576 352 aB
592 287 686 352 oculo
698 287 881 352 adcidentes
895 307 952 372 per
962 290 1035 370 BZ,
1043 290 1107 351 BA

93 393 218 458 cadent.
243 397 276 458 et
288 393 443 476 quoniam
457 392 579 479 singuli
591 393 704 479 anguli
717 393 758 458 ad
769 397 798 457 d)
810 393 912 477 positi
924 392 1006 459 recti
1020 398 1107 478 sunt,

93 499 172 583 quia
195 503 257 564 ΓΛ
278 504 386 564 rectae
410 503 475 564 ΖΛ
498 499 656 584 parallela
682 503 745 585 est,
777 505 810 564 et
834 504 898 565 ΖΘ
913 531 954 552 =
971 503 1045 585 ΘΛ,
1077 501 1106 564 si

93 611 244 671 manente
270 610 331 670 ΘΒ
355 605 538 691 triangulus
559 609 655 669 ΘΖΒ
679 604 934 671 circumuolutus
957 606 999 670 ad
1019 606 1107 671 idem

91 716 251 797 punctum
282 733 394 776 rursus
422 711 620 791 restituitur,
652 712 736 776 unde
768 711 846 776 ferri
878 718 1011 796 coeptus
1045 717 1106 800 est,

93 823 158 884 ΒΖ
181 818 416 886 circumuoluta
438 840 503 883 uno
526 817 600 883 loco
628 818 831 903 superficiem
854 819 1008 904 sphaerae
1033 842 1107 886 oon·

93 927 209 1011 tinget,
232 925 356 991 scilicet
377 924 413 988 in
437 929 479 1010 Z,
501 929 534 989 et
558 924 697 991 circulus
719 947 777 1010 per
799 930 921 1010 puncta
945 930 982 1012 Z,
999 930 1032 991 Λ
1054 927 1107 991 de-

92 1031 234 1115 scriptus
249 1031 320 1095 erit.
339 1030 451 1115 itaque
465 1051 546 1114 quae
560 1031 703 1096 semitm
716 1053 791 1116 pars
806 1031 969 1124 sphaerae,
984 1033 1106 1100 circulo

92 1138 326 1221 comprehensa
340 1138 414 1221 erit3
433 1141 466 1202 et
480 1137 587 1202 minor
600 1141 650 1202 est
668 1137 920 1224 hemisphaerio3
940 1142 1000 1203 ΖΛ
1018 1139 1106 1205 enim

93 1243 200 1308 minor
227 1249 278 1309 est
304 1244 517 1310 semicirculo.
567 1265 645 1329 ergo
672 1244 772 1308 etiam
804 1245 890 1327 quod
918 1245 992 1309 uisu
1020 1267 1107 1312 com·
1142 1282 1158 1295 ··

91 1350 316 1436 prehenditur,
339 1351 446 1415 minus
469 1354 520 1414 est
541 1350 789 1435 hemisphaerio.

572 1546 626 1611 24.

160 1649 262 1716 Oculo
286 1652 328 1716 ad
346 1652 516 1737 sphaeram
535 1649 824 1737 adpropinquante,
846 1653 933 1736 quod
952 1655 1106 1742 comitur,

93 1756 201 1821 minus
225 1757 295 1843 erit,
318 1757 482 1822 uidebitur
506 1762 615 1821 autem
636 1756 711 1841 plus
735 1758 831 1822 cerni.

675 1861 719 1926 sit
742 1862 828 1928 enim
846 1864 990 1950 sphaera,
1012 1866 1106 1932 cuius

618 1974 765 2034 centrum
797 1969 840 2034 sit
872 1974 920 2056 K,
956 1976 989 2037 et
1021 1995 1040 2036 a
1071 1979 1107 2038 Δ

618 2075 711 2139 oculo
735 2075 776 2139 ad
799 2081 946 2142 centrum
968 2079 1107 2145 ducatur

615 2182 694 2263 ΔΚ,
716 2184 750 2244 et
768 2202 826 2264 per
844 2186 879 2246 K
897 2187 1106 2270 perpendicu-

615 2286 694 2351 laris
721 2287 858 2354 ducatur
881 2293 958 2374 ΒΓ,
984 2297 1018 2358 et
1045 2294 1105 2360 oir-

617 2415 692 2457 cum
718 2398 792 2458 ΔΚ
820 2395 958 2462 circulus
988 2399 1105 2465 descri-

615 2499 727 2586 batur,
763 2500 985 2587 ducanturque
1020 2511 1105 2594 AN,

615 2609 707 2693 ΝΚ,
739 2610 822 2691 ΔΛ,
854 2612 933 2674 ΛΚ.
992 2611 1104 2698 itaque

491 2759 493 2766 ,
526 2782 529 2791 Α
616 2712 727 2798 anguli
744 2713 892 2799 adA,N
904 2716 1005 2800 positi
1022 2720 1105 2785 recti

615 2824 719 2905 erunt,
745 2819 822 2904 quia
843 2819 878 2885 in
900 2823 1104 2911 semicirculo

616 2931 700 2991 sunt.
732 2926 846 2992 inuno
864 2926 966 3013 igitur
979 2934 1102 3014 puncto

615 3036 694 3118 ΔΛ,
714 3038 793 3099 ΔΝ
823 3033 993 3119 sphaeram
1030 3057 1106 3103 oon·

615 3138 755 3224 tingunt.
789 3139 900 3224 itaque
921 3140 1004 3206 radii
1026 3162 1047 3208 a
1068 3148 1105 3209 A

616 3246 708 3310 oculo
737 3246 921 3312 adcidentes
947 3269 1007 3332 per
1028 3252 1106 3337 ΔΑ,

89 3449 159 3488 corr.
179 3448 213 3486 ex
231 3433 294 3486 ΑΝ
309 3449 344 3488 m.
364 3447 417 3488 rec.
438 3433 470 3489 V.
527 3441 569 3491 23.
588 3437 657 3492 Post
674 3443 733 3495 ΛΚ
748 3438 813 3496 add.
835 3441 891 3494 ΝΔ
908 3456 945 3496 m
960 3438 1030 3509 RV,
1043 3432 1122 3565 fl

90 3521 127 3558 m.
146 3519 200 3557 rec.
1029 3540 1046 3563 ··
