2334 3788
199 136 238 185 ια
257 134 466 186 οΡΤιοοιιυιι
482 135 740 186 αοοοαειοαοιι
757 136 924 188 fruamus,
1002 132 1067 197 269

59 275 223 341 ἐπιπέδων
241 301 275 341 τε
298 275 353 341 καλ
370 279 502 342 κύκλων
524 275 579 341 καὶ
598 279 758 341 τοιούτων
776 288 888 361 τινῶν,
911 278 967 342 ἴνα
986 278 1068 342 κατὰ

60 382 168 448 πάντα
196 385 378 468 σύμφωνον
401 384 506 468 αὐτήν
527 385 648 469 ποιήση
675 395 745 460 τοῖς
768 383 804 448 έν
826 394 865 470 πή
888 387 1069 470 γεωμετρίᾳ

60 493 234 573 στοιχείοις
256 488 312 555 καλ
329 490 562 576 παρασκευάσῃ
585 492 644 554 τὸν
663 489 828 576 ἀκροατήν
848 492 927 574 μετά
945 494 1069 573 πολλής

60 596 111 660 ὅτι
134 597 274 681 μάλιστα
291 595 415 680 ήδονής
434 596 606 678 ε’γκύπτειν
624 608 693 672 τοῖς
711 599 936 681 θεωρήμασιν,
960 597 1067 679 ὥσπερ

60 701 171 784 ἀμέλει
194 701 249 767 καλ
268 700 320 768 ἐπὶ
339 712 396 786 τής
420 702 639 788 ἀριθμητικῆς
658 706 747 768 ἔστιν
767 704 851 767 ἰδεῖν
875 703 977 766 αὐτὸν
999 723 1068 766 ποι-
1104 714 1120 764 6

60 817 163 872 οῦντα
186 806 241 872 καί
259 812 458 894 γεωμετρίας
480 807 620 873 καὶτῶν
638 810 748 873 ἀλλων
766 809 980 893 μαθημάτων.
1018 808 1068 874 ὅτι

60 911 120 998 μὲν
143 915 206 1000 γάρ
231 916 292 979 δύο
311 916 527 997 τετραγώνων
546 915 701 1000 ἀριθμῶν
719 907 766 990 εἷς
784 913 885 1000 μέσον
903 915 1070 996 ἀνάλογόν

60 1020 151 1085 ἐστιν
175 1019 327 1105 ἀριθμός,
350 1031 448 1086 τοῦτο
472 1020 595 1105 ἀληθές
618 1021 717 1105 ἐστιν,
742 1020 811 1086 ἀλλ’
835 1021 875 1085 ού
899 1023 952 1086 δεῖ
969 1030 1068 1085 τοῦτο

62 1129 166 1211 μόνον
200 1125 256 1190 ἀπ’
286 1127 387 1211 αύτής
418 1126 541 1192 είδέναι
572 1136 630 1211 τής
661 1130 861 1212 αἰσθήσεως,
894 1126 939 1192 ἵν’
964 1127 1070 1202 οὕτως

60 1239 151 1315 είτιω,
175 1232 258 1297 ἀλλά
280 1232 336 1298 καὶ
359 1233 404 1298 δι’
422 1232 618 1312 ἀποδείξεως
636 1233 883 1320 ἀσφαλεστέραν
902 1238 988 1318 ἔχειν
1005 1234 1068 1317 τήν
1088 1247 1120 1295 10

61 1337 136 1424 περὶ
156 1339 258 1404 αὐτοῦ
278 1352 411 1422 γνῶσιν.
448 1341 569 1424 ὁμοίως
583 1337 620 1405 δὲ
637 1339 692 1405 καὶ
710 1350 808 1405 τοῦτο
828 1339 950 1425 ἀληθές
969 1340 1069 1424 ἐστιν,

62 1446 123 1528 ὅτι,
142 1444 200 1510 ἐὰν
220 1447 281 1510 δύο
297 1446 425 1511 εὐθεῖαι
444 1446 606 1531 τέμνωσιν
625 1446 776 1530 ἀλλήλας,
795 1447 853 1522 τάς
870 1448 952 1511 κατά
970 1471 1070 1532 κορυ-

61 1553 130 1634 φήν
158 1556 282 1634 γωνίας
309 1559 382 1629 ίσας
409 1551 565 1636 ἀλλήλαις
590 1554 803 1636 ποιήσουσιν,
834 1551 888 1617 καί
921 1555 1069 1640 φανερὸν

62 1658 125 1723 ἀπὸ
148 1667 206 1742 τῆς
229 1660 429 1742 αἰσθήσεως,
457 1657 529 1723 ἀλλ’
551 1659 612 1723 ούκ
635 1658 761 1745 ἀπόχρη
784 1659 868 1743 πρὸς
890 1658 1070 1744 ἐπιστήμην
1094 1670 1131 1735 Χ,

61 1766 98 1828 τὸ
128 1764 232 1840 οὕτως
259 1763 383 1829 εἰδέναι
410 1768 528 1849 μόνον,
555 1764 628 1831 ἀλλ’
654 1769 740 1850 ἔχειν
766 1773 865 1829 τοῦτο
889 1763 1069 1850 ὁμολογού-
1089 1734 1154 1826 15N

63 1893 164 1953 μενον
192 1873 227 1934 έκ
254 1894 357 1935 τινων
384 1871 554 1957 προτέρων
581 1870 636 1936 καὶ
664 1871 939 1957 γνωριμωτέρων·
971 1881 1070 1936 τοῦτο
1092 1925 1094 1931 .

62 1974 102 2039 δέ
122 1975 212 2040 ἐστιν
234 1975 254 2059 ή
278 1975 452 2055 ἀπόδειξις.
498 1976 515 2042 ὁ
539 1978 639 2054 αὐτὸς
661 1981 777 2042 τοίνυν
800 1981 897 2060 λόγος
920 1975 988 2042 ἐστὶ
1014 1975 1070 2041 καὶ

62 2079 115 2146 ἐπὶ
138 2083 277 2167 τούτων,
301 2085 351 2147 ὅτι
374 2096 523 2166 φυσικῶς
546 2087 611 2169 ἔχει
633 2084 653 2168 ή
673 2085 787 2170 ὅρασις
806 2084 911 2160 ούτως
930 2081 1012 2169 ὁρᾶν
1029 2083 1071 2147 τά

63 2185 223 2273 ὁρώμενα,
247 2190 293 2265 ῶς
311 2187 328 2252 ὁ
348 2190 532 2273 Εὐκλείδης
552 2194 665 2275 φησίν,
688 2191 744 2255 ίνα
763 2187 799 2254 δέ
816 2188 872 2254 καὶ
891 2189 1070 2275 ἐπιστήμην

63 2295 173 2359 αὐτῶν
206 2299 344 2380 έχωμεν,
376 2299 459 2382 πρὸς
490 2297 674 2380 κατάληψιν
705 2294 940 2383 ἀκριβεστέραν
965 2317 1070 2382 παρα-
1089 2307 1124 2357 20

62 2401 287 2485 λαμβάνονται
319 2404 356 2469 ἐν
387 2416 459 2480 ταῖς
492 2402 698 2482 ἀποδείξεσιν
730 2404 841 2468 αὐτῶν
867 2405 982 2468 κύκλοι
1015 2402 1071 2469 καὶ

63 2507 199 2573 ἐπίπεδα
221 2508 277 2574 καὶ
299 2512 382 2575 άλλα
405 2519 550 2576 τοιαῦτα.
659 2592 660 2595 ¹

132 2633 193 2715 χρὴ
219 2630 255 2696 δὲ
277 2633 415 2717 εἰδέναι,
448 2634 493 2709 ῶς
515 2637 593 2710 τοὺς
615 2635 758 2711 κύκλους
783 2633 901 2700 καὶτὰ
924 2634 1070 2719 ἐπίπεδα,

64 2737 144 2801 ὅταν
176 2734 235 2821 μέν
264 2736 391 2824 δρῶμεν
423 2740 506 2803 αὐτὰ
537 2741 577 2804 τά
609 2742 743 2824 σώματα
776 2733 848 2806 οἷον
877 2753 1023 2826 σφαῖραν
1049 2739 1070 2824 ή

63 2844 260 2927 κύλινδρον,
282 2855 409 2927 νοητῶς
432 2846 485 2909 δεῖ
505 2844 711 2932 ἀναγράφειν
734 2846 754 2931 ή
778 2847 963 2932 ἐκβάλλειν,
991 2847 1071 2912 ὅταν
1089 2855 1123 2905 25

65 2947 102 3014 δὲ
125 2949 161 3014 έν
184 2947 339 3037 ε’πιπέδφ,
363 2952 530 3034 αἰσθητῶς
552 2951 597 3027 ῶς
619 2951 775 3017 ἐνταῦθα.
1074 2958 1078 2964 “

68 3167 113 3175 ᾖ

135 3343 159 3390 4.
185 3336 330 3406 έγγύπτειν
348 3337 381 3391 V.
473 3343 496 3390 6.
521 3340 725 3406 μαθηματικῶν
747 3355 774 3405 p.
866 3341 889 3391 7.
914 3333 1010 3409 μέσον]
1030 3336 1072 3392 sio

64 3407 120 3476 Vp.
186 3414 226 3462 10.
247 3406 301 3478 δι’]
321 3405 370 3462 διά
387 3426 414 3476 p.
488 3412 529 3461 13.
548 3407 696 3476 ποιήσουσι
713 3427 740 3477 p.
805 3412 847 3463 15.
866 3405 941 3481 ἀλλ’]
960 3405 1031 3463 ἀλλά
1042 3426 1070 3480 p.

100 3484 142 3532 24.
162 3475 224 3534 οἷον
243 3511 277 3520 -
297 3484 337 3533 ⁴25.
357 3479 520 3552 κύλινδρον]
538 3478 589 3534 ine.
609 3480 670 3534 ead.
689 3496 764 3534 man.
782 3478 816 3535 V.
