2334 3788
73 128 118 193 60
415 132 586 184 EUCLIDIS
605 132 741 185 OPTIOA.

74 271 127 338 ἐπὶ
154 282 214 339 τοῦ
238 278 278 339 Κ.
334 272 583 358 ἐπεζεύχθωσαν
615 277 653 341 αι’
677 279 762 359 ΑΚ,
784 281 817 340 A
824 280 866 360 Θ,
898 272 953 338 καὶ
985 291 1089 360 προσ-’

74 382 286 463 εκβεβλήσθω
315 379 335 463 ἡ
363 386 431 446 ΑΘ
463 380 515 446 ἐπὶ
542 382 579 446 τὸ
608 385 657 466 Η,
689 381 709 465 ἡ
738 377 775 446 δὲ
802 385 875 446 AK
904 379 957 446 ἐπὶ
984 383 1022 446 τὸ
1045 385 1088 445 Λ.

76 487 200 552 οὐκοῦν
228 486 280 551 ἐπὶ
307 497 367 552 τοῦ
390 492 430 552 Η
453 487 508 553 καὶ
530 497 590 553 τοῦ
614 492 645 553 A
673 486 828 564 τεθέντος
854 496 915 552 τοῦ
943 490 1090 572 ὄμματος

75 597 174 659 ἄνισα
201 595 241 658 τὰ
265 593 415 680 ὁρώμενα
442 604 502 658 τοῦ
530 594 640 660 κώνον
668 594 868 679 ὀφθήσεται,
896 593 951 658 καὶ
977 598 1090 679 μεῖζον

40 699 136 786 ομὲν
159 704 249 767 ἔσται
271 703 309 767 τὸ
332 703 415 787 πρὸς
433 711 479 789 τῳ
497 706 542 784 Η,
566 705 706 767 ἔλασσον
729 699 766 766 δὲ
788 701 828 767 δν
850 704 960 786 μεῖζον
979 701 1090 785 ὀφθή-

76 823 166 872 σεται
185 809 222 873 τὸ
245 789 328 893 πρὸς
351 817 396 896 τῳ
417 811 456 872 A.
494 815 567 873 ἴσον
591 805 628 873 δὲ
650 810 687 873 τὸ
711 809 794 893 πρὸς
816 818 862 895 τῳ
881 812 921 872 Η
938 817 984 896 τῳ
1006 809 1091 894 πρὸς

75 923 121 1002 τῳ
148 920 191 999 Θ,
223 916 260 979 τὸ
288 911 325 979 δὲ
351 915 434 1000 πρὸς
461 925 506 1002 τῳ
531 919 562 980 A
589 925 634 1002 τῳ
662 916 745 1002 πρὸς
767 924 812 1003 τῳ
836 919 882 998 Κ,
915 914 960 989 ὡς
983 913 1020 978 ἐν
1042 923 1089 1001 τῳ

76 1022 140 1107 πρὸ
173 1023 293 1086 τούτου
327 1022 470 1105 ἐδείχθη.
523 1031 585 1087 τοῦ
612 1024 677 1108 ἄρα
704 1025 847 1106 ὄμματος
874 1021 958 1106 πρὸς
984 1030 1030 1108 τῳ
1061 1025 1092 1084 Θ

76 1126 232 1204 τεθέντος
260 1131 369 1212 μεῖζον
397 1132 487 1192 ἔσται
518 1129 556 1192 τὸ
584 1127 754 1212 δρώμενον
781 1136 841 1192 τοῦ
868 1126 979 1191 κώνου
1006 1128 1090 1211 ἥπερ

26 1253 59 1301 10
78 1235 161 1319 πρὸς
184 1243 229 1321 τῳ
253 1238 299 1318 Κ,
323 1233 410 1311 δόξει
434 1232 470 1298 δὲ
494 1237 635 1299 ἔλασσον
657 1230 751 1299 εἶναι.

555 1410 618 1476 κδ’.

143 1532 220 1599 Ἐὰν
237 1537 360 1600 κύκλον
380 1536 462 1621 πρὸς
481 1535 587 1621 ὀρθὰς
607 1534 670 1600 ἀπὸ
684 1545 744 1600 τοῦ
762 1534 901 1620 κέντρον
916 1535 1091 1619 ἀνασταθῇ

79 1649 124 1728 τῷ
148 1649 208 1706 τοῦ
227 1642 351 1706 κύκλου
370 1640 511 1729 ἐπιπέδῳ
530 1642 656 1725 εὐθεῖα,
680 1640 733 1707 ε’πὶ
752 1639 789 1705 δὲ
807 1643 928 1724 ταύτης
945 1643 983 1706 τὸ
1002 1644 1091 1725 ὄμμα

80 1752 171 1833 τεθῇ,
195 1749 232 1812 αί
248 1748 417 1834 διάμετροι
436 1750 473 1812 αἱ
489 1747 525 1813 ἐν
543 1757 588 1836 τῳ
606 1757 667 1812 τοῦ
685 1749 809 1813 κύκλον
824 1746 964 1835 ἐπιπέδῳ
980 1748 1092 1829 διαγό-

28 1872 61 1921 15
80 1877 175 1937 μεναι
198 1863 299 1919 πᾶσαι
324 1861 393 1920 ἴσαι
414 1857 629 1939 φανήσονται.

148 1965 230 2025 ἔστω
253 1963 387 2045 κύκλος,
420 1958 460 2027 οὗ
488 1960 627 2047 κέντρον
649 1964 686 2026 τὸ
710 1969 742 2026 Α
770 1974 920 2046 σημεῖον,
953 1959 1009 2025 καὶ
1032 1958 1089 2024 ἀπ’

82 2067 184 2132 αὐτοῦ
209 2067 345 2152 ἀνώχθω
369 2092 419 2144 τις
441 2070 524 2154 πρὸς
547 2067 653 2154 ὀρθὰς
675 2069 695 2151 ἡ
719 2073 785 2132 AB
813 2078 858 2156 τῳ
883 2076 942 2132 τοῦ
966 2068 1091 2131 κύκλον

84 3057 236 3149 ἐπιπέδῳ,
260 3058 313 3144 ἐφ’
334 3055 373 3142 ἧς
396 3061 483 3144 ὄμμα
505 3063 628 3124 κείσθω
648 3061 684 3125 τὸ
705 3065 742 3124 Β.
779 3058 873 3144 λέγω,
897 3061 947 3125 ὅτι
967 3062 1004 3125 αι’
1022 3060 1093 3124 διώ-

83 3190 197 3255 μετροι
226 3174 294 3233 ἴσαι
322 3169 536 3252 φανήσονται.
592 3170 739 3232 ἔστωσαν
771 3169 832 3232 δύο
862 3167 1030 3253 διάμετροι
1061 3168 1098 3231 αἱ

155 3349 180 3400 1.
198 3343 261 3414 τοῦ]
279 3339 311 3396 τό
329 3359 365 3395 m.
438 3347 462 3396 2.
483 3342 526 3412 H]
547 3357 561 3394 e
581 3358 648 3396 corr.
668 3341 701 3396 V.
774 3341 805 3396 τό
820 3342 903 3413 (alt.)]
924 3358 991 3395 corr.
1008 3357 1041 3394 ex
1060 3337 1095 3394 τώ

61 3432 121 3501 χω.
140 3421 156 3471 2
175 3414 240 3470 vat.
299 3415 323 3466 3.
343 3409 491 3536 τεθέντοςχ
505 3410 630 3500 τέθεχται
648 3412 722 3481 vat„
742 3430 809 3468 corr.
824 3431 860 3468 m.
877 3419 900 3467 2.
946 3418 985 3500 „5'
1008 3411 1094 3482 ἔσται]

61 3500 135 3551 ss-m,
156 3484 236 3541 οοδδ,
327 3502 411 3536 το-
432 3488 455 3536 6.
488 3500 537 3538 σον
557 3485 605 3556 δε]
627 3503 663 3539 m.
684 3491 699 3538 2
719 3485 783 3539 Vat.
875 3489 898 3538 5.
922 3485 971 3556 τῳ]
989 3482 1020 3537 τό
1039 3483 1094 3538 Bv.
