2334 3788
103 126 167 187 298
492 126 725 179 cArol’rch

103 274 230 333 πλάσιν.
274 267 329 332 παλ
352 271 451 351 λοιπὴ
473 270 538 353 ἀρα
560 267 581 350 ἡ
605 273 635 334 0
656 280 696 354 τῇ
720 273 758 333 Π
776 274 831 351 ἴση
856 267 959 334 ἐστίν.
998 270 1117 352 μειζωυ

104 376 168 459 ἄεν
190 374 211 457 ἡ
234 378 265 439 Ρ
287 384 346 458 τῆς
369 380 407 441 0·
453 373 522 439 ἐπεὶ
544 377 609 459 νᾶα
631 376 652 459 ἡ
675 379 706 440 Ρ
727 379 834 458 νεανία
855 384 914 458 τῆς
937 379 978 439 Π
998 377 1118 459 ναῖον

104 479 175 545 ἐστὶ
197 481 254 546 διὰ
276 483 314 546 τὸ
338 480 431 557 ἐκτὸς
452 477 553 565 εἶναι,
579 481 601 564 ἡ
625 479 661 546 δὲ
684 487 723 547 Π
746 492 786 567 τῇ
810 486 840 547 0
866 487 939 564 ι’ση,
967 479 1028 546 παλ
1052 480 1072 564 ἡ
1095 485 1121 544 Ρ

102 588 168 670 ἀρα
194 597 253 671 τῆς
281 593 310 652 0
340 592 460 672 μείζων
486 589 586 653 ἐστίν.
640 591 736 672 ποινὴ
761 591 975 673 προσκείσθω
1004 588 1028 672 ἡ
1055 587 1116 652 ὑπὸ

69 710 86 758 5
105 698 208 758 OPZ.
245 705 490 778 συμπεσοῦνται
508 697 574 779 ἀρα
591 696 629 759 αί
645 698 717 778 ΓΖ,
731 699 808 760 ΑΗ
824 696 869 770 ὡς
886 693 941 759 ἐπὶ
959 695 1002 759 τά
1021 698 1069 777 H,
1084 698 1115 758 Z.

102 801 139 865 τὸ
167 799 199 865 δ’
225 802 307 866 αὐτὸ
335 805 441 885 ἔσται,
472 801 535 867 κάν
561 805 681 886 μειζων
706 801 727 884 ἡ
751 806 821 866 ΑΘ
845 804 923 878 ὄψις
949 810 1012 884 τῆς
1040 804 1116 866 ΓΚ·

101 911 247 990 μείζονες
273 910 336 993 γάρ
364 912 496 974 ἔσονται
522 910 561 973 αί
584 912 629 990 Λ,
648 913 693 974 M
715 911 833 991 γωνίαι
859 919 928 972 τῶν
955 913 1004 990 N,
1024 907 1069 990 Ξ,
1097 906 1116 989 ἡ

103 1010 140 1078 δὲ
163 1019 202 1078 Π
219 1024 277 1097 τῆς
301 1020 330 1079 0
355 1019 473 1099 μείζων
496 1019 586 1080 ἔσται
614 1013 670 1079 καὶ
691 1015 712 1098 ἡ
736 1019 767 1078 Ρ
788 1024 847 1098 τῆς
869 1018 907 1079 0.
953 1013 1016 1078 ἐὰν
1040 1010 1116 1096 δὲη

105 1125 175 1185 ΑΘ
195 1122 312 1186 εὐθεῖα
339 1122 488 1187 ἐλάσσων
514 1116 536 1206 ᾗ
558 1131 617 1205 τῆς
640 1125 718 1204 ΓΚ,
746 1122 803 1186 διὰ
825 1121 866 1185 τά
888 1120 974 1184 αὐτὰ
996 1124 1116 1204 μείζων

53 1242 86 1292 10
104 1230 194 1292 ἔσται
221 1227 242 1310 ἡ
271 1232 300 1293 0
332 1232 436 1310 γωνία
462 1238 520 1312 τῆς
547 1233 590 1292 Π.
646 1231 714 1292 ἔστι
742 1226 779 1293 δὲ
805 1226 861 1293 καὶ
887 1228 908 1311 ἡ
937 1231 968 1292 Ρ
995 1237 1058 1311 τῆς
1083 1233 1119 1292 Π

103 1338 229 1417 μείζων.
275 1331 376 1399 οὐδὲν
398 1337 462 1418 ἀρα
485 1338 605 1399 κωλύει
628 1340 704 1417 ἴσην
726 1329 811 1398 εἶναι
834 1335 896 1416 την
917 1338 950 1397 Ρ
972 1345 1016 1419 τῇ
1042 1339 1071 1398 0
1097 1332 1116 1416 ἦ

103 1439 266 1505 ἐλάσσονα
288 1450 347 1524 τῆς
370 1446 410 1523 0,
432 1439 553 1525 καὶμὴ
576 1444 775 1524 συμπίπτειν
797 1441 858 1523 τὴν
881 1443 960 1504 ΑΗ
978 1449 1021 1525 τῇ
1047 1444 1115 1505 ΓΖ.

102 1548 249 1630 φανερὸν
275 1546 326 1629 δι’,
354 1547 420 1629 ὅτι,
447 1549 510 1611 κάν
532 1571 567 1611 τε
593 1551 713 1631 μειζωυ
741 1541 802 1633 ᾖὴ
826 1552 859 1610 Α
866 1550 896 1610 Θ
920 1546 1116 1633 περιφέρεια

102 1661 159 1735 τῆς
189 1655 266 1735 ΓΚ,
294 1652 352 1718 ἐάν
380 1677 415 1717 τε
443 1660 512 1735 ἴση,
539 1654 560 1736 ἡ
588 1654 779 1737 σύμπτωσις
804 1663 872 1716 τῶν
899 1651 1116 1718 ἀνακλάσεων

50 1773 83 1821 15
102 1759 179 1823 οὔτε
207 1759 260 1824 ἐπὶ
287 1769 345 1842 τῆς
372 1763 582 1844 περιφερείας
609 1768 669 1824 τοῦ
696 1761 820 1824 κύκλου
848 1760 924 1823 οὔτε
953 1759 1051 1836 εἰιτὸς
1077 1759 1115 1823 οὐ

101 1867 144 1948 μὴ
168 1871 312 1949 γίνηται,
337 1865 410 1931 ἀλλ’
431 1867 523 1942 ἐντὸς
546 1869 659 1950 μόνον.

588 2007 624 2085 ζ’.

173 2116 219 2176 Τὰ
242 2114 310 2196 ὕψη
334 2112 389 2177 καὶ
411 2115 451 2177 τά
469 2114 560 2196 βάθη
584 2113 647 2178 ἀπὸ
666 2124 734 2177 τῶν
755 2111 919 2177 ἐπιπέδων
939 2112 1115 2198 ἐνόπτρων

103 2219 350 2304 ἀνεστραμμένα
374 2224 536 2304 φαίνεται.
848 2209 852 2216 ’

47 2340 82 2388 20
168 2329 249 2390 ἔστω
278 2327 363 2403 ὕψος
390 2324 451 2410 μὲν
478 2328 515 2391 τὸ
539 2331 620 2409 AE,
648 2330 810 2410 ἔνοπτρον
836 2323 872 2389 δὲ
896 2324 1059 2390 ἐπίπεδον
1082 2328 1116 2392 τὸ

101 2436 174 2515 AA,
198 2435 285 2516 ὄμμα
309 2429 345 2496 δὲ
368 2434 405 2496 τὸ
426 2437 463 2518 B,
487 2435 579 2510 ὄψεις
601 2430 638 2496 δὲ
657 2434 694 2496 αι’
711 2436 782 2515 ΒΓ,
797 2436 860 2495 ΒΔ
882 2431 1115 2517 ἀνακλώμευαι

101 2536 153 2601 ἐπὶ
172 2540 211 2602 τά
230 2544 269 2621 Ε,
284 2542 324 2602 K.
362 2539 486 2603 οὐκοῦν
505 2543 657 2623 φαίνεται
677 2538 902 2621 ἐκβληθεισῶν
920 2549 988 2602 τῶν
1003 2541 1115 2616 ὄψεων

100 2643 150 2708 ἐπ’
172 2646 305 2721 εὐθείας
327 2646 364 2709 τὸ
387 2642 449 2728 μὲν
471 2650 503 2710 Ε
526 2647 562 2710 τὸ
586 2647 655 2710 ἀνω
679 2643 733 2710 ε’πὶ
756 2654 815 2708 τοῦ
841 2649 870 2708 Θ
892 2645 981 2709 κάτω
1006 2648 1113 2727 ὄντος,

99 2753 136 2816 τὸ
164 2749 200 2816 δὲ
227 2757 261 2816 Κ
289 2752 376 2815 κάτω
404 2752 444 2815 ὂν
472 2750 524 2815 ἐπὶ
552 2761 611 2815 τοῦ
637 2757 664 2816 Ζ
691 2760 751 2815 τοῦ
779 2753 847 2815 ἀνω
875 2753 982 2828 ὄντος.
1032 2754 1113 2817 ὥστε

47 2871 81 2918 25
101 2857 348 2944 ἀνεστραμμένα
372 2856 440 2921 ἐστὶ
463 2868 502 2942 τῇ
526 2862 700 2945 φαντασίᾳ.

171 2988 193 3034 1.
215 2978 271 3033 ἐστι’
288 2980 358 3032 Mm.
423 2984 447 3032 3.
468 2977 541 3033 ἐστίν
560 2979 615 3033 Vv.
680 2986 704 3034 4.
725 2978 781 3033 ἐστι’
799 2981 869 3047 Mm,
889 2996 980 3047 comp.
1000 2997 1028 3033 v.
1088 2986 1110 3032 5.

101 3053 192 3122 OPZ]
215 3054 294 3104 POZ
312 3050 348 3103 M.
395 3049 504 3102 Deinde
519 3050 582 3104 add.
599 3049 699 3118 ὁμοίως
712 3056 750 3123 τῷ
764 3052 818 3118 πρὸ
833 3052 932 3104 τούτου
946 3051 1112 3120 θεωρήματι

98 3119 301 3176 ἀποδείκνυται
318 3119 383 3173 Vm.
458 3120 499 3191 αἱ]
519 3120 550 3173 αἱ
568 3121 624 3187 ἀρα
643 3123 679 3177 Μ.
754 3129 777 3176 6.
799 3121 885 3193 ἔσται]
906 3122 963 3175 ἐστι
982 3122 1020 3177 M.
1087 3126 1110 3175 8.

100 3191 185 3264 ἔσται]
206 3189 262 3245 ἐστι’
280 3191 317 3244 M.
381 3198 404 3245 9.
426 3194 495 3263 ΓΚ]
517 3196 565 3244 ΓΔ
584 3193 620 3247 M.
686 3199 726 3247 10.
748 3193 834 3264 ἔσται]
854 3191 927 3247 ἐστίν
946 3193 985 3248 M.
1045 3192 1110 3263 ἔστι]

100 3262 172 3317 ἔστιν
191 3263 247 3316 Vv.
304 3268 344 3316 12.
364 3259 497 3317 ἐλάττονα
516 3263 553 3316 M.
608 3265 755 3334 AH]AK
772 3266 808 3318 M.
873 3271 915 3319 17.
935 3265 974 3335 ζ’]
995 3265 1039 3318 ια’
1056 3265 1109 3318 Vv.

134 3341 175 3388 ⁶22.
200 3330 343 3404 φαίνεται]
363 3350 415 3387 om.
435 3353 470 3388 m.
544 3339 586 3388 23.
609 3334 640 3387 τό
656 3337 729 3406 (pr.)]
753 3333 885 3404 φαίνεται
903 3335 934 3390 τό
954 3354 991 3390 m.
1069 3341 1109 3390 24.

99 3403 150 3528 &M
165 3401 197 3459 ἀν
215 3413 264 3493 vm}
286 3407 311 3458 Ο
329 3424 364 3472 m,
384 3423 419 3458 m.
435 3421 488 3458 rec.
499 3404 532 3458 V.
596 3414 645 3458 τοῦ
661 3406 743 3478 (alm
764 3407 817 3461 del.
833 3425 869 3461 m.
884 3423 937 3460 rec.
949 3407 983 3475 V,
1004 3425 1060 3463 om.
1075 3425 1109 3460 m.

151 3476 227 3546 νιος]
248 3474 328 3537 ὄντος
345 3484 395 3528 τοῦ
416 3478 441 3529 Θ
459 3494 499 3545 m,
524 3495 558 3530 m.
579 3493 632 3530 ree.
652 3476 684 3531 V.
764 3484 805 3532 25.
826 3475 900 3532 ἐστίν
918 3478 980 3548 VV,
1001 3477 1056 3534 είσί
1073 3496 1108 3532 m.
