2334 3788
82 126 148 191 204
292 126 502 180 οΡΤιοοιωω
520 125 699 178 mommo
718 124 885 178 Τωαοωιε.

147 270 242 354 ἤχθω
270 271 334 355 γὰρ
359 269 380 353 ἡ
403 266 463 354 μὲν
487 272 547 334 ΓΖ
575 269 750 355 διάμετρος
775 269 859 355 πρὸς
880 267 990 354 ὀρθὰς
1013 263 1099 333 οὖσα

82 387 122 463 τῇ
145 381 227 460 ΑΒ,
258 376 278 460 η
308 373 344 441 δὲ
366 380 439 440 ΛΚ
463 375 601 452 ἀνίσους
627 383 770 441 ποιοῦσα
798 378 921 458 γωνίας
945 375 1033 461 πρὸς
1057 383 1098 459 τῇ

82 488 165 567 AB,
191 481 248 547 καὶ
275 482 524 566 ἐπεζεύχθωσαν
547 484 585 547 αλ
603 485 677 567 ΒΓ,
699 487 778 566 ΒΔ,
800 486 879 565 ΒΖ,
901 485 984 565 ΒΚ,
1012 483 1097 546 ἔστω

83 587 120 654 δὲ
147 592 309 675 πρότερον
335 589 357 673 ἡ
380 593 447 653 BA
472 598 531 673 τῆς
554 593 626 653 AK
649 591 777 673 μείζων.
826 588 951 653 οὐκοῦν
979 590 1099 672 μειῖων

49 694 174 763 σέστὶν
201 694 222 778 ἡ
250 694 463 783 περιεχομένη
491 699 596 777 γωνία
623 695 688 761 ὑπὸ
711 706 779 760 τῶν
803 698 898 760 ΓΒΖ
925 703 985 778 τῆς
1007 715 1099 780 περι-

84 801 240 887 εχομένης
261 802 327 868 ὑπὸ
349 813 417 867 τῶν
434 804 548 884 ΚΒΑ,
571 801 617 878 ὡς
639 800 676 866 έν
694 811 764 877 τοῖς
781 800 999 886 θεωρήμασιν
1017 797 1099 863 ἀπο-

85 909 263 974 δείκνυται.
312 909 352 973 τὰ
386 905 426 972 δέ
454 931 492 990 γε
523 907 588 972 ὑπὸ
620 910 767 992 μείζονος
793 909 918 989 γωνίας
946 905 1100 992 ὁρώμενα

84 1017 215 1100 μείζονα
234 1018 399 1099 φαίνεται·
425 1016 543 1098 μείζων
562 1014 626 1100 ἀρα
644 1014 664 1097 ἡ
684 1016 745 1078 ΓΖ
766 1021 825 1096 τῆς
842 1015 917 1077 ΔΚ
934 1015 1100 1096 φαίνεται.

85 1120 143 1186 έάν
158 1118 195 1185 δὲ
210 1120 230 1203 ἡ
244 1125 308 1186 ΒΑ
326 1129 383 1205 της
397 1123 470 1185 ΑΚ
484 1119 633 1185 ἐλάσσων
645 1113 677 1206 ᾖ,
696 1122 814 1204 μείζων
828 1121 982 1203 φαίνεται
995 1116 1016 1200 ἡ
1031 1124 1066 1182 Λ
1070 1120 1106 1180 Κ

33 1245 67 1294 10
85 1237 143 1311 τῆς
171 1230 241 1292 ΓΖ.

141 1403 250 1470 Ἔστω
268 1405 399 1487 κύκλος,
422 1400 463 1469 οὗ
480 1401 618 1491 κέντρον
636 1404 673 1468 τὸ
692 1409 735 1488 Α,
758 1405 846 1487 ὄμμα
865 1399 901 1466 δὲ
919 1403 956 1466 τὸ
974 1405 1016 1485 Β,
1037 1398 1099 1486 ἀφ’

88 1505 129 1576 οὗ
151 1511 172 1594 ἡ
195 1508 249 1575 ἐπὶ
271 1512 330 1575 τὸν
347 1511 471 1575 κύκλον
492 1509 633 1586 κάθετος
656 1507 798 1594 ἀγομένη
822 1510 866 1594 μὴ
884 1505 1027 1574 πιπτέτω
1049 1505 1102 1572 ἐπὶ

86 1618 124 1682 τὸ
146 1614 285 1703 κέντρον
307 1617 344 1681 τὸ
359 1623 401 1699 Α,
424 1614 496 1682 ἀλλ’
518 1616 620 1700 ἐκτός,
641 1615 698 1681 καὶ
720 1619 801 1681 ἔστω
821 1615 841 1698 ἡ
860 1618 932 1699 ΒΓ,
954 1612 1011 1679 καὶ
1030 1613 1102 1678 ἐπε-

89 1725 215 1807 ζεύχθω
239 1722 302 1788 ἀπὸ
326 1732 386 1788 τοῦ
406 1727 438 1788 Γ
456 1721 508 1787 ἐπὶ
531 1724 568 1787 τὸ
587 1729 620 1787 Α
641 1722 662 1805 ἡ
683 1725 752 1806 ΓΑ,
776 1725 824 1787 έτι
847 1718 884 1785 δὲ
902 1719 966 1784 ἀπὸ
990 1729 1051 1784 τοῦ
1069 1725 1102 1783 Α

36 1845 69 1894 15
89 1828 142 1895 ἐπὶ
167 1830 255 1895 τὸΒ
283 1830 303 1913 ἡ
331 1834 407 1895 BA.
457 1828 555 1913 λέγω,
589 1829 639 1894 ὅτι
665 1839 781 1893 πασῶν
808 1839 875 1893 τῶν
902 1827 959 1890 διά
985 1835 1046 1891 τοῦ
1071 1830 1103 1889 A

89 1934 295 2021 διαγομένων
322 1936 465 2001 εὐθειῶν
491 1933 546 2000 καὶ
573 1945 742 2000 ποιουσῶν
769 1936 852 2021 πρὸς
879 1943 917 2019 τῇ
940 1937 1008 1997 BA
1037 1956 1103 2014 ym-

88 2045 163 2118 νίας
190 2042 341 2126 ἐλαχίστη
369 2040 459 2107 ἐστὶν
491 2041 511 2124 ἡ
539 2042 603 2106 ὑπὸ
633 2052 701 2105 τῶν
730 2044 833 2104 ΓΑΒ.
878 2040 1008 2123 διήχθω
1037 2041 1102 2125 γάρ

93 2149 209 2213 εὐθεῖα
236 2148 255 2230 ἡ
278 2153 393 2232 ΔΑΕ,
425 2146 480 2214 καὶ
506 2149 601 2231 ἤχθω
630 2147 693 2211 ἀπὸ
721 2155 781 2210 τοῦ
805 2149 838 2209 Γ
864 2143 918 2209 ἐπὶ
944 2148 1006 2229 τὴν
1034 2150 1105 2210 ΛΕ

89 2254 230 2330 κάθετος
255 2254 291 2319 ἐν
314 2264 358 2341 τῶ
383 2252 524 2341 ἐπιπέδῳ
548 2255 568 2338 ἡ
593 2257 668 2336 ΓΖ,
695 2251 750 2317 καὶ
773 2251 956 2336 ἐπεζεύχθω
980 2251 1001 2335 ἡ
1023 2254 1103 2315 ΒΖ·

37 2375 71 2424 20
89 2357 145 2424 καὶ
167 2359 187 2442 ἡ
211 2364 273 2423 ΒΖ
297 2361 360 2444 ἀρα
386 2359 439 2424 ἐπὶ
460 2362 521 2444 τὴν
543 2365 613 2423 ΔΕ
635 2359 775 2435 κάθετός
803 2357 902 2423 ἐστιν.
947 2356 1017 2423 ἐπεὶ
1040 2353 1103 2424 οὖν

90 2465 177 2551 ὀρθὴ
204 2465 225 2548 ἡ
250 2464 315 2529 ὑπὸ
339 2467 448 2547 ΓΖΑ,
475 2464 495 2547 ἡ
523 2464 588 2528 ὑπὸ
615 2469 715 2529 ΑΓΖ
743 2466 806 2552 ἀρα
836 2463 983 2529 ἐλάσσων
1011 2462 1103 2528 ἐστὶν

89 2572 208 2656 ὀρθῆς·
231 2573 349 2655 μείζων
371 2571 436 2656 ἀρα
456 2569 476 2652 ἡ
496 2572 567 2634 ΑΓ
584 2571 709 2655 πλευρά
727 2578 784 2653 τῆς
807 2575 881 2635 ΑΖ.
917 2570 937 2654 ἡ
956 2574 1019 2634 ΒΑ
1037 2571 1103 2656 ἀρα

90 2680 173 2765 πρὸς
194 2679 256 2762 την
279 2683 311 2741 Α
318 2674 345 2740 Ζ
367 2679 499 2760 μείζονα
522 2679 623 2759 λόγον
645 2679 710 2760 ἔχει
732 2677 814 2763 ἥπερ
837 2677 920 2763 πρὸς
942 2678 1004 2760 τὴν
1025 2683 1059 2740 Α
1066 2680 1102 2741 Γ.

91 2783 162 2850 ἀλλ’
188 2783 208 2867 η
235 2783 300 2848 ὑπὸ
329 2794 396 2848 τῶν
423 2786 522 2847 ΑΓΒ
554 2785 659 2865 γωνία
685 2781 741 2847 καὶ
767 2783 787 2866 ἡ
815 2784 880 2848 ὑπὸ
908 2793 975 2847 τῶν
1000 2786 1029 2846 Β
1037 2786 1103 2846 ΖΑ

37 2906 72 2956 25
92 2895 176 2958 εἰσιν
199 2890 315 2977 ὀρθαί,
344 2894 402 2954 καί
422 2891 507 2953 εἰσιν
531 2891 567 2953 αλ
588 2892 662 2972 ΓΑ,
676 2895 713 2953 ,Α
720 2893 747 2952 Ζ
770 2891 893 2953 ἀνισοι·
925 2887 981 2952 καὶ
1003 2889 1102 2972 λοιπὴ

163 3055 188 3104 4.
208 3046 306 3118 μείζων
321 3047 394 3118 (pr.)]
414 3049 507 3115 μεῖζον
526 3064 551 3100 v.
620 3041 718 3114 μείζων
734 3044 816 3116 (alm
837 3047 930 3113 μεῖζον
949 3064 975 3114 v,
995 3041 1053 3113 μεί-
1072 3044 1103 3097 in

92 3139 146 3177 ras.
167 3121 199 3175 V.
291 3125 315 3173 6.
339 3118 407 3172 Post
430 3127 488 3180 τοῖς
511 3117 576 3172 add.
600 3114 745 3184 προτέροις
767 3135 803 3171 m.
827 3133 881 3170 rec.
906 3117 939 3171 V.
1030 3117 1103 3170 ἀπο-

91 3191 247 3263 δείκνυται]
270 3191 338 3244 mub.
358 3189 389 3242 in
407 3187 606 3243 ἀποδέδεικται
628 3207 664 3243 m.
684 3204 737 3241 rec.
757 3189 790 3242 V.
882 3194 905 3243 7.
925 3184 1057 3256 μείζονος
1076 3206 1102 3256 v,

93 3265 143 3318 sed
162 3280 231 3317 corr.
313 3267 354 3314 11.
374 3260 414 3325 λζ’
429 3260 509 3329 va.
582 3257 710 3330 κέντρον]
729 3277 765 3312 m.
785 3275 838 3312 rec.
858 3258 891 3327 V,
916 3275 1004 3328 comp.
1024 3277 1060 3312 m.
1078 3265 1102 3312 1.

128 3341 170 3389 12.
194 3329 323 3403 ἀγομένη
342 3331 376 3400 V,
402 3331 452 3384 sed
470 3348 539 3385 corr.
622 3337 662 3385 16.
687 3332 839 3401 ποιουσῶν]
859 3339 927 3384 -σῶν
947 3347 962 3383 e
981 3345 1049 3384 corr.
1065 3348 1102 3383 m.

93 3422 147 3461 rec.
166 3405 200 3459 V.
272 3404 340 3458 Post
358 3411 391 3473 τῇ
410 3419 464 3456 ras.
484 3408 498 3455 1
519 3401 574 3457 litt.
593 3403 627 3457 V.
710 3408 750 3455 17.
775 3403 842 3472 τῶν]
862 3401 916 3455 del.
936 3419 972 3455 m.
991 3418 1045 3455 rec.
1066 3400 1101 3467 V,

92 3493 149 3545 seq.
169 3492 223 3530 ras.
243 3481 258 3529 2
278 3473 333 3528 litt.
352 3491 379 3527 ν.
457 3478 497 3528 18.
517 3473 580 3546 τήν]
601 3473 632 3528 τό
651 3491 676 3527 v.
759 3477 800 3526 22.
821 3475 913 3541 μεῖζον
932 3490 957 3526 v.
1031 3473 1104 3543 ΑΓ]
