2334 3788
412 129 581 180 EUCLIDIS
600 129 737 182 OPTICA.
1037 128 1080 192 95

72 291 153 353 quae
177 271 396 336 continebitur
420 273 479 336 sub
503 271 578 337 bad.
615 272 821 357 contingatur
844 276 953 337 autem
975 273 1016 337 ab
1040 274 1082 355 bp

70 379 166 460 reeta,
190 379 342 460 quoniam
370 379 454 444 sicut
476 379 519 462 tp
542 380 582 443 ad
602 399 658 463 pa,
684 378 732 443 ita
751 399 794 461 pa
817 378 857 442 ad
877 380 931 461 pd.
976 379 1081 444 iaceat

70 504 147 547 uero
164 484 275 549 oculus
291 484 418 569 superb
437 489 603 569 punctum,
622 489 653 549 et
674 483 832 549 adiciatur
846 483 888 548 db
906 488 1012 548 rectae
1028 484 1079 549 dle.

72 590 289 676 coniungatur
327 596 436 657 autem
467 594 519 657 sd.
580 591 683 676 igitur
715 591 858 676 aequalis
889 593 911 673 f
942 590 1079 675 angulus

70 697 190 782 angulo
219 718 248 784 33
278 698 314 762 in
345 700 457 763 eadem
488 699 574 763 enim
606 698 755 782 portione
788 702 872 762 sunt.
928 701 960 762 et
988 701 1038 761 est
1064 717 1080 761 s
1117 708 1132 758 5

70 803 209 889 angulus
234 805 353 890 angulo
376 806 394 869 b
417 806 529 870 maior.
567 810 599 870 et
620 807 642 887 f
660 826 737 890 ergo
761 804 899 888 angulus
923 802 1043 889 angulo
1062 802 1079 866 b

70 910 173 973 maior
201 915 259 976 est.
310 911 403 977 oculo
432 933 509 997 ergo
538 933 634 996 super
660 932 678 977 a
705 911 863 975 existente
891 909 996 974 maius
1027 932 1080 992 ap·

69 1020 162 1100 paret
184 1016 232 1081 lod
253 1039 349 1102 quam
373 1040 468 1102 super
491 1018 517 1082 b.

138 1193 229 1257 Idem
253 1198 362 1258 autem
385 1195 555 1280 contingit,
578 1199 611 1258 et
635 1195 662 1258 si
685 1193 857 1278 parallelos
875 1193 974 1258 fuerit
992 1199 1080 1258 recta

69 1299 156 1363 linea
179 1299 209 1363 ei
232 1322 313 1383 quae
337 1300 466 1365 uidetur
488 1300 714 1386 magnitudini.
1099 1313 1132 1363 10

139 1410 210 1470 esto
239 1429 320 1491 quae
348 1407 477 1471 uidetur
504 1407 694 1493 magnitudo
723 1407 765 1471 ob
794 1410 827 1472 et
854 1405 1018 1471 diuidatur
1044 1405 1080 1469 in

70 1512 133 1577 duo
150 1513 297 1597 aequalia
316 1513 389 1578 ade
407 1519 573 1598 punctum,
592 1518 624 1578 et
638 1513 849 1598 protrahatur
868 1513 908 1576 ab
923 1535 939 1578 e
957 1512 1080 1598 magni-

521 1672 555 1727 Δ
597 1620 703 1684 tudini
722 1621 786 1685 obe
806 1618 1078 1705 perpendicularis

597 1747 643 1811 ea,
663 1726 698 1789 in
718 1749 781 1810 qua
800 1726 912 1791 oculus
931 1745 948 1790 a
965 1724 1079 1808 iaceat,

598 1836 631 1898 et
650 1832 887 1917 coniungantur
905 1853 957 1916 ao,
974 1831 1023 1915 ab,
1047 1833 1079 1894 et
1098 1844 1131 1893 15

599 1939 798 2003 describatur
824 1939 909 2002 eirca
931 1937 996 2002 oab
1024 1935 1079 2000 tri-

526 2057 528 2108 ]
599 2066 720 2130 gonum
738 2044 847 2129 portio
866 2043 939 2127 aab,
963 2046 995 2106 et
1016 2046 1067 2105 tra

597 2151 696 2214 hatur
709 2173 765 2236 per
779 2172 797 2216 a
810 2147 1026 2235 magnitudini
1036 2148 1078 2212 ab

507 2282 513 2293 Χ
597 2257 769 2341 parallelos
793 2258 849 2341 ad,
879 2260 911 2320 et
933 2257 1078 2320 transeat

599 2363 710 2429 oculus
726 2386 822 2448 super
836 2366 864 2448 d,
883 2367 915 2428 et
931 2362 1078 2429 accidant
1097 2380 1131 2428 20

70 2467 153 2531 radii
176 2470 231 2554 ud,
249 2470 300 2533 db.
339 2469 420 2554 dieo,
444 2471 596 2553 quoniam
620 2471 785 2557 apunctis
810 2472 838 2555 d,
856 2491 874 2535 a
895 2468 1078 2553 inaequalia

71 2574 279 2686 apparebunt.
324 2576 540 2663 coniungatur
563 2579 609 2642 oi.
656 2577 809 2663 quoniam
832 2598 909 2662 ergo
934 2573 1077 2659 aequalis

69 2700 282 2710 ———-..

139 2766 199 2836 rig
220 2767 330 2835 falsam,
349 2785 434 2835 quarn
448 2785 463 2823 e
477 2770 504 2823 V
521 2768 587 2824 dedi
606 2769 763 2839 Studienp
780 2775 839 2839 121,
859 2785 927 2822 corr.
937 2766 1077 2868 Weissen-

69 2836 140 2891 born
158 2837 259 2894 Philol
278 2812 395 2908 XLVp.
412 2845 453 2895 57.

140 3022 167 3071 4.
185 3017 391 3087 coniungantur
408 3017 446 3073 D.
536 3026 559 3075 9.
580 3019 676 3092 fuerit]
695 3019 766 3074 facit
783 3020 821 3073 D.
908 3022 949 3070 12.
968 3013 1076 3084 magni-

69 3087 168 3142 tudine
187 3089 225 3143 D.
299 3094 340 3142 14.
361 3090 429 3161 ez]
424 3104 476 3144 coz
494 3090 532 3144 D.
605 3097 646 3146 22
669 3090 874 3160 coniungantur
892 3088 929 3141 D.

918 3197 1076 3206 ..---—-

69 3267 117 3321 vc'
133 3286 168 3322 m.
180 3267 270 3322 svau
327 3275 367 3322 16.
384 3267 529 3339 pape'dau
587 3276 628 3325 20.
644 3271 839 3339 καὶπεριγ.-
806 3272 891 3321 2-1.
907 3266 1021 3333 AZB(a
1022 3263 1076 3334 lt)]

69 3354 195 3478 tad
201 3345 321 3480 ¹11¹?'mg
342 3341 679 3467 iiaAdbdidbzd
741 3341 960 3480 tdttttb
974 3335 1077 3462 233⁰?

104 3485 146 3535 23.
168 3480 222 3549 ὅμα
240 3499 265 3536 v.
338 3482 381 3553 τό]
400 3491 449 3537 τοῦ
468 3483 532 3539 Vat
538 3501 564 3538 v.
637 3490 679 3540 25.
699 3489 721 3537 A
728 3481 820 3554 H1m
837 3497 892 3535 ras
906 3480 941 3535 V
