2334 3788
100 107 146 172 50
442 104 613 157 υυοοιυω
632 103 772 157 οΡωοΔ.

168 258 266 315 τοῦτο
291 244 327 314 δὲ
349 248 386 313 τὸ
409 247 568 334 θεώρημα
591 245 706 330 γέγονε
728 247 812 333 πρὸς
833 248 912 322 τοὺς
929 247 1059 323 κώνους
1079 269 1118 312 τε

100 355 157 422 καὶ
180 358 258 433 τοὺς
280 356 492 441 κυλίνδρους.
527 353 586 420 έδιν
608 355 671 438 γδιρ
691 353 755 418 ἀπὸ
773 364 841 418 τῶν
858 357 898 437 Β,
917 358 949 417 Ε
969 356 1118 438 σημείων

103 463 234 547 ἀχθῶσι
261 463 344 549 πρὸς
371 461 477 548 ὄρόδις
505 463 542 526 αλ
566 459 707 547 πλευραὶ
733 472 800 526 τῶν
822 460 1028 547 κυλίνδρων,
1056 459 1117 545 ἐφ-

102 570 246 648 οίψονται
273 570 398 653 αὐτῶν,
429 565 508 632 καθ’
535 567 551 632 ὃ
579 566 677 653 μέρος
705 566 760 632 καί
793 569 830 632 αλ
855 566 984 643 ἀκτῖνες
1010 583 1117 654 προσ-

67 680 274 760 οπίπτουοι,
310 672 366 739 καὶ
400 673 694 757 ἀποκλεισόήσεται
725 674 762 737 τὸ
794 678 898 738 ΒΔΕ
927 672 1026 760 μέρος
1055 683 1118 758 τῆς

102 785 219 867 ὄψεως,
241 783 495 869 ὄεωρηόύσεται
514 777 550 845 δὲ
568 781 606 845 τὸ
624 784 691 844 ΒΕ
711 778 809 866 μέρος
830 788 889 845 τοῦ
907 779 1117 864 ἡμικυκλίου.

101 891 140 956 τὸ
163 890 244 954 αὐτὸ
272 889 336 975 ἄρα
359 886 458 973 μέρος
484 884 539 951 καὶ
566 897 634 951 τῶν
656 887 774 952 κώνων
801 889 1053 972 θεωρηδήοεται
1075 887 1116 952 τὸ

102 999 247 1062 έλαττον.

572 1203 642 1270 κδ’.

49 1373 84 1423 10
174 1353 241 1413 Τοῦ
265 1351 409 1433 ὄμματος
431 1346 585 1423 τεθέντος
608 1349 719 1430 ἔγγιον
742 1355 801 1412 τοῦ
820 1347 1003 1433 κυλίνδρου
1022 1349 1115 1411 ἔλατ-

102 1479 161 1520 τον
188 1453 249 1539 μέν
276 1452 345 1518 ἐστι
372 1455 409 1518 τὸ
437 1456 763 1540 περιλαμβανόμενον
789 1453 855 1518 ὑπὸ
878 1464 946 1518 τῶν
969 1453 1115 1518 ἀκτίνων

102 1569 163 1626 τού
186 1561 379 1645 κυλίνδρου,
403 1557 490 1637 δόξει
513 1557 550 1624 δὲ
572 1563 682 1644 μεῖζον
705 1551 859 1646 δρᾶσθαι.

170 1670 252 1732 ἔστω
276 1658 468 1751 κύλινδρος,
493 1662 533 1730 οὗ
556 1665 652 1749 βάσις
674 1662 734 1750 μὲν
757 1666 775 1731 ὁ
798 1669 866 1732 ΒΓ
883 1667 1017 1750 κύκλος,
1040 1665 1114 1731 κέν-

102 1798 183 1862 τρον
211 1770 248 1838 δὲ
270 1775 307 1839 τὸ
330 1779 377 1857 Α,
404 1775 492 1856 ὄμμα
515 1769 551 1836 δὲ
574 1773 611 1837 τὸ
635 1777 678 1856 Ε,
707 1771 765 1857 ἀφ’
787 1769 827 1838 οὗ
851 1771 1034 1857 ἐπεζεύχθω
1059 1772 1112 1838 ἐπὶ

50 1903 84 1951 15
102 1881 140 1946 τὸ
172 1878 311 1968 κέντρον
341 1878 362 1962 ἡ
394 1883 475 1963 ΕΑ,
507 1877 562 1944 καὶ
593 1877 887 1965 προσπιπτέτωσαν
918 1879 1046 1955 ἀκτῖνες
1079 1881 1118 1944 αί

102 1992 177 2071 ΕΒ,
195 1990 268 2070 ΕΓ,
291 1984 346 2050 καὶ
369 1985 571 2069 ἀνήχθωοαν
593 1985 657 2050 νἰπὸ
676 1995 743 2050 τῶν
760 1989 800 2069 Β,
820 1988 852 2051 Γ
870 1989 1013 2071 σημείων
1031 1988 1115 2072 πρὸς

103 2092 210 2179 ὀρθὰς
233 2103 278 2180 τῷ
301 2094 468 2180 κυλίνδρῳ
492 2093 530 2156 αί
551 2095 622 2175 ΓΖ,
640 2095 718 2156 ΒΗ.
764 2092 820 2156 διὰ
843 2093 884 2175 δὴ
907 2095 947 2156 τδι
970 2096 1114 2180 πρότερα

102 2200 140 2263 τὸ
159 2202 199 2262 Η
200 2202 297 2263 ΒΓΖ
321 2201 455 2263 ἔλαττόν
479 2197 569 2262 ἐστιν
591 2197 857 2283 ἡμικυλινδρίου·
883 2197 938 2262 καὶ
960 2198 1114 2282 βλέπεται

102 2304 168 2370 ὑπὸ
183 2313 243 2369 τοῦ
252 2310 284 2369 Ε
301 2308 452 2388 ὄμματος.
475 2307 679 2388 μετακείοθω
694 2304 735 2387 δὴ
750 2305 787 2368 τὸ
801 2307 889 2388 ὄμμα
903 2307 1015 2389 ἔγγιον
1025 2307 1062 2370 τὸ
1075 2311 1113 2370 Θ.

52 2437 87 2486 20
105 2410 205 2494 λέγω,
238 2411 288 2476 ὄτι
314 2411 352 2475 τὸ
384 2412 710 2495 περιλαμβανόμενον
736 2411 801 2476 ὑπὸ
829 2420 889 2474 τοῦ
915 2416 944 2476 Θ
970 2414 1115 2496 ὄμματος

105 2519 198 2583 δοκεῖ
218 2524 278 2581 τοῦ
298 2519 437 2580 ΖΓΒΗ
455 2518 565 2599 μεῖζον
588 2520 769 2599 φαίνεσθαι
789 2520 923 2582 έλαττον
942 2518 1045 2583 αὐτοῦ
1065 2521 1113 2584 ὄν.

102 2715 315 2724 ......---———

175 2876 200 2924 4.
224 2865 428 2937 προσπίπτουσῑ
445 2887 485 2937 m,
514 2886 656 2936 προσπιπτ
681 2869 739 2938 Bv,
767 2870 800 2921 ut
818 2884 910 2938 saepe.
1001 2875 1024 2924 7.
1048 2867 1114 2940 καί]

103 2943 204 3011 postea
223 2940 287 2995 add.
307 2939 340 3008 V
365 2955 417 2993 om.
437 2911 495 3006 Bv'‚
519 2957 554 2993 m.
576 2939 674 2996 Πολ.
753 2949 809 2994 τῶν
827 2941 937 3030 κώνων]
956 2941 1080 2994 VBVat.
1086 2959 1112 3009 v,

102 3021 159 3068 τῶν
178 3013 277 3067 κώνων
295 3011 343 3065 καὶ
361 3019 417 3065 τῶν
435 2982 591 3078 κυλίνδρων
609 3010 673 3068 vat.
679 3012 730 3080 ¹m,
751 3019 801 3064 τοῦ
820 3008 970 3078 κυλίνδρου
987 3030 1023 3065 m
1044 3017 1060 3065 2
1079 3011 1114 3081 V,

103 3081 261 3151 κυλίνδρων
289 3098 373 3150 supra
401 3098 451 3135 ser.
479 3081 543 3135 Vat.
572 3098 608 3135 m.
636 3091 659 3140 2
759 3088 784 3136 8.
812 3081 881 3135 Post
907 3081 1019 3136 ἔλαττον
1047 3083 1114 3137 add.

105 3153 231 3224 ωέξής
249 3153 282 3207 V
373 3158 397 3206 9.
420 3152 485 3289 κύᾙ
506 3152 550 3220 λγ
570 3151 603 3220 V,
631 3156 677 3209 λα’
697 3154 793 3209 vatv.
884 3159 925 3208 10
949 3154 1017 3207 Post
1035 3153 1114 3222 prius

103 3233 154 3280 τοῦ
172 3242 227 3280 ras.
248 3222 337 3278 1litt.
358 3223 392 3277 V.
483 3223 574 3294 γγιον]
594 3240 661 3281 corr
682 3243 715 3280 ex
736 3225 843 3294 ἔγγειον
861 3225 894 3293 V,
913 3224 982 3279 item
1000 3223 1049 3279 lin
1071 3231 1112 3279 19

140 3301 182 3350 14.
202 3295 296 3361 λπεζ’
252 3297 297 3361 ζευ
315 3299 415 3350 θωσαν
433 3311 459 3348 v
534 3299 574 3348 16.
594 3295 651 3365 ἀνή
667 3302 712 3353 &co
730 3297 795 3351 vat.
801 3313 922 3365 ,.comp
941 3297 972 3350 Β.
1044 3296 1113 3366 τῶν]

102 3382 173 3424 corr.
184 3383 218 3421 ex
226 3375 276 3422 του
262 3317 351 3422 {at
403 3361 517 3434 σημείου
527 3364 600 3435 Vat
612 3297 666 3422 οοδ
671 3386 739 3422 corr
792 3373 833 3422 17
848 3367 949 3454 πρότεβ
964 3386 992 3420 m
994 3366 1114 3436 ,πρότε-

102 3454 262 3527 ρονΒῩοί.
345 3459 386 3508 19.
405 3451 603 3526 τύ(ο1λ)]τού
622 3474 657 3510 m.
743 3462 784 3510 21
807 3456 934 3526 ΖΓΒΗ]
956 3460 1113 3510 ΓΖΒΗν.
