2334 3788
78 166 142 232 182
285 166 496 220 οαειοοαυιι
512 166 690 219 mommo
709 146 874 217 mom.

76 315 191 395 KZB,
210 315 312 376 ΒΑΚ
336 311 392 375 διδι
416 311 454 376 τὸ
481 309 518 376 έν
540 309 748 394 ἡμικυκλίοις
769 302 855 373 είναι
877 303 934 371 καί
955 303 992 370 έκ
1014 300 1091 369 κέν-

76 441 158 503 τρου
189 419 248 494 τάς
275 422 355 502 KZ,
378 421 461 501 KA,
492 414 572 482 καθ’
597 418 636 482 ἓν
667 427 803 501 σημεῖον
834 413 1023 499 έφάψονται
1056 413 1095 476 αί

76 527 153 608 ΒΛ,
176 529 240 589 ΒΖ
270 533 330 609 τῆς
356 528 511 609 σφαίρας·
548 525 588 588 αί
610 525 675 608 άρα
702 522 766 587 ἀπὸ
793 529 854 586 τοῦ
881 523 911 585 Β
943 521 1092 604 ὄμματος
1154 544 1161 559 ·

75 634 342 716 προσπίπτουσαι
369 630 499 706 ἀκτῖνες
524 631 607 695 κατὰ
633 631 693 705 τὰς
713 631 792 712 ΒΖ,
810 631 873 692 ΒΛ
898 635 1091 692 πεσοῦνται.

41 735 131 802 σκαὶ
159 735 228 802 ἐπεὶ
255 735 373 820 ἑκάστη
402 748 470 801 τῶν
496 738 580 822 πρδς
605 745 651 824 τῷ
680 740 711 800 Θ
739 745 872 818 γωνιῶν
899 733 989 819 ὀρθὴ
1019 732 1092 798 ἐστι

77 844 133 908 διά
155 845 193 909 τὸ
216 844 429 928 παράλληλον
455 837 541 907 εἶναι
568 844 629 926 τὴν
653 845 714 907 ΓΔ
739 852 780 928 τῇ
804 844 884 924 ΖΛ,
910 838 966 905 καὶ
989 845 1046 923 ίση
1068 839 1091 924 ἡ

78 953 143 1014 ΖΘ
169 960 209 1035 τῇ
234 954 309 1032 ΘΛ,
337 948 395 1014 ἐάν
417 950 459 1033 δὴ
482 950 644 1034 μενούσης
665 959 724 1032 τῆς
748 952 810 1013 ΘΒ
837 949 875 1013 τὸ
901 951 999 1012 ΘΖΒ
1024 949 1094 1032 τρί-

76 1079 187 1137 γωνον
208 1051 421 1141 περιενεχθὲν
448 1057 497 1132 εἰς
517 1057 555 1120 τὸ
583 1056 664 1120 αὐτὸ
693 1055 795 1121 πάλιν
820 1053 1092 1139 ἀποκατασταθῇ,

76 1161 160 1227 ὅθεν
182 1160 302 1247 ἡρξατο
321 1159 494 1247 φέρεσθαι,
515 1163 537 1244 ἡ
556 1185 592 1226 τε
610 1166 673 1226 ΒΖ
695 1157 937 1247 περιφερομένη
955 1156 1038 1224 καθ’
1053 1159 1094 1224 ἓν

24 1285 59 1336 10
77 1267 238 1353 ἐφάψεται
269 1277 328 1351 τῆς
355 1249 532 1352 σφαιρικὴς
559 1265 753 1351 ἐπιφανείας
782 1267 867 1331 κατὰ
891 1267 931 1331 τδ
959 1270 1003 1348 Ζ,
1034 1262 1094 1330 καὶ

76 1375 198 1450 κύκλος
216 1376 307 1438 ἔσται
324 1372 549 1458 γεγραμμένος
566 1373 622 1438 διά
636 1384 704 1437 τῶν
718 1377 757 1456 Ζ,
770 1375 803 1436 Λ
821 1375 975 1457 σημείων.
1007 1372 1095 1436 ὥστε

56 1478 143 1543 εύπὸ
168 1480 293 1544 κύκλου
321 1478 363 1543 άν
385 1476 567 1569 περιέχοιτο
594 1479 632 1543 τὸ
656 1479 826 1564 ὁρώμενον
853 1486 912 1561 τῆς
934 1481 1093 1563 σφαίρας,

78 1585 156 1666 ὅγε
183 1587 318 1650 ἔλαττόν
341 1584 431 1649 ε’στιν
458 1584 693 1671 ἡμισφαιρίου·
721 1586 841 1670 τὸγὰρ
866 1588 931 1649 ΖΛ
954 1587 1095 1650 ἔλαττόν

78 1689 168 1756 ἐστιν
194 1690 399 1776 ἡμικυκλίου.
444 1692 528 1756 ὥστε
553 1690 610 1756 καὶ
636 1693 674 1757 τὸ
697 1693 763 1757 ὑπὸ
774 1676 844 1775 ’τὴς
867 1693 975 1768 ὅψεως
998 1712 1094 1776 περι-

24 1815 58 1865 15
76 1800 233 1882 εχύμενον
256 1799 392 1863 ἔλαττόν
415 1797 504 1862 ἐστιν
526 1797 756 1883 ἡμισφαιρίου.
895 1785 922 1803 ”

551 1972 616 2039 κδ’.

149 2084 216 2144 Τοῦ
239 2083 382 2164 ὄμματος
404 2083 602 2166 προσιόντος
624 2082 736 2162 ἔγγιον
758 2090 816 2164 τὴς
834 2083 981 2165 σφαίρας
1000 2082 1095 2145 έλατ-

78 2207 137 2248 τον
160 2189 248 2250 ἔσται
272 2189 309 2250 τὸ
332 2187 515 2270 ὁρώμενον,
539 2185 626 2265 δόξει
649 2183 687 2251 δέ
708 2190 819 2270 μεῖζον
841 2186 997 2272 ὁρᾶσθαι.

146 2293 227 2354 ἔστω
251 2294 314 2375 γάρ
337 2304 474 2376 σφαῖρα,
496 2288 536 2375 ἡς
558 2291 696 2376 κέντρον
719 2296 802 2357 ἔστω
826 2294 863 2358 τὸ
882 2296 924 2376 Κ,
948 2291 1004 2357 καὶ
1028 2291 1095 2357 άπὸ

27 2412 61 2461 20
79 2403 139 2458 τοῦ
161 2401 195 2458 A
217 2399 360 2480 ὄμματος
387 2397 570 2480 ἐπεζεύχθω
595 2397 647 2461 ἐπὶ
669 2399 706 2462 τὸ
727 2398 867 2481 κέντρον
889 2397 910 2480 ἡ
932 2402 1015 2481 ΛΚ,
1037 2396 1097 2462 καὶ

81 2501 137 2564 διά
159 2509 219 2565 τοῦ
238 2505 273 2565 K
292 2503 375 2584 πρὸς
393 2502 499 2586 ὀρθὰς
521 2504 615 2585 ἡχθω
638 2503 658 2586 ἡ
681 2507 754 2587 ΒΓ,
778 2503 855 2590 περὶ
877 2501 915 2569 δὲ
937 2506 1000 2587 τὴν
1022 2507 1100 2569 AK

79 2606 200 2681 κύκλος
229 2607 425 2691 γεγράφθω,
460 2605 515 2671 καὶ
548 2606 795 2692 ἐπεζεύχθωσαν
827 2611 865 2674 αί
894 2615 982 2692 ΔΝ,
1011 2612 1097 2692 ΝΚ,

79 2715 160 2794 ΔΛ,
179 2716 256 2777 AK.
302 2713 426 2777 οὐκοῦν
448 2711 550 2796 ὀρθαὶ
572 2717 712 2778 ἔσονται
731 2718 769 2779 αι’
788 2718 872 2801 πρὸς
894 2726 966 2792 τοῖς
989 2719 1036 2799 Λ,
1060 2720 1102 2780 Ν

81 2822 201 2900 γωνίαι
227 2820 282 2883 διά
309 2820 346 2882 τὸ
375 2818 411 2882 έν
433 2819 614 2907 ἡμικυκλίῳ
641 2816 738 2884 εἶναι·
771 2820 851 2886 καθ’
876 2823 914 2886 ἓν
942 2823 1008 2907 άρα
1037 2821 1097 2905 ε’φ-

152 3016 176 3063 5.
203 3011 238 3081 Θ]
262 3026 363 3063 ecorr.
383 3027 419 3062 m.
440 3015 454 3061 1
474 3028 499 3063 V.
590 3016 614 3064 8.
640 3011 678 3072 εἰς
696 3011 738 3083 τό]
764 3011 803 3074 εἰς
822 3031 847 3066 v.
927 3018 952 3067 9.
978 3011 1042 3085 φέ-]
1063 3013 1095 3066 in

80 3097 134 3134 ras,
153 3080 186 3133 V.
264 3081 333 3134 Post
351 3078 381 3134 έν
400 3079 464 3133 add.
484 3090 597 3149 σημεῖον
616 3100 634 3151 p
654 3086 682 3134 et
700 3101 736 3136 m.
758 3099 811 3136 rec.
832 3083 864 3137 V.
950 3089 993 3138 13.
1014 3083 1094 3156 ὅγε]

81 3154 149 3205 mut.
168 3150 199 3203 in
216 3149 265 3205 καί
283 3169 319 3204 m.
338 3166 390 3203 rec.
405 3151 439 3205 V.
500 3151 584 3223 ἐστιν]
603 3156 671 3206 mut.
691 3152 721 3205 in
741 3152 817 3207 ἔσται
834 3172 871 3207 m.
891 3170 946 3208 rec.
966 3155 1000 3209 V.
1064 3155 1097 3209 τό

82 3253 116 3260 -
141 3227 182 3275 15.
209 3218 409 3292 ἡμισφαιρίου]
437 3224 505 3275 mut.
530 3222 560 3274 in
582 3222 599 3290 ἡ
623 3223 676 3292 γὰρ
700 3228 751 3276 ΖΛ
774 3222 924 3291 διάμετρος
947 3222 1021 3280 οὖσα
1045 3235 1098 3281 τοῦ

82 3292 184 3346 κύκλου
202 3301 252 3346 τού
271 3295 446 3358 διαιροῦντος
468 3293 500 3345 τὸ
519 3292 660 3360 δρώμενον
683 3302 732 3363 τῆς
751 3292 874 3362 σφαίρας
896 3294 1021 3351 ἐλάττων
1040 3297 1100 3351 ἐστὶ

81 3371 130 3429 τῆς
148 3367 207 3416 ΛΓ
225 3359 374 3430 διαμέτρου
394 3362 477 3432 ούσης
495 3371 544 3431 τῆς
561 3362 683 3431 σφαίρας
706 3383 741 3419 nL
761 3380 815 3419 rec,
836 3366 869 3419 V.
964 3373 1008 3422 13.
1033 3372 1086 3422 ΖΛ

84 3436 145 3484 ΖΝ
159 3433 197 3500 V,
222 3436 254 3485 N
270 3450 421 3503 suprascr.
440 3451 476 3487 m.
497 3439 512 3486 2
531 3451 557 3501 p.
641 3442 681 3488 14.
703 3435 758 3488 ἐστι
776 3454 803 3503 p.
877 3438 1086 3508 περιεχόμενον

72 3501 220 3569 άράμενον
240 3523 260 3558 v
277 3507 306 3559 et
325 3521 411 3576 supra
429 3503 495 3561 add.
508 3510 578 3560 αεὶ
594 3523 623 3575 ρ.
676 3511 720 3559 ss.
739 3505 846 3574 ἔηηειον
860 3507 893 3561 V.
951 3515 995 3563 22.
1016 3513 1084 3564 AN
