2334 3788
65 106 108 169 14
407 104 579 156 EUOLIDIS
598 104 736 157 OP'I'IGA.

550 289 594 347 η.

136 376 183 439 Τὰ
213 380 267 457 ἴση
294 371 419 457 μεγέθη
447 370 503 435 καὶ
529 371 723 458 παράλληλα
746 373 864 436 ἄνισον
887 373 1084 454 διεστηκότα

65 483 129 548 ἀπὸ
143 490 203 547 τοῦ
218 483 363 564 ὄμματος
377 479 437 543 οὐκ
452 478 622 558 ἀναλόγως
636 490 706 554 τοῖς
720 479 939 562 διαστήμασιν
953 477 1083 563 ὁρᾶται.

132 591 214 654 έστω
238 588 300 652 δύο
328 582 452 671 μεγέθη
481 585 521 648 τὰ
544 588 626 667 ΑΒ,
650 587 711 649 ΓΔ
739 586 857 650 ἄνισον
886 586 1083 666 διεστηκότα

30 694 129 759 σιἰπὸ
162 703 221 759 τοῦ
249 695 393 778 ὄμματος
420 699 480 754 τοῦ
508 695 546 755 Ε.
597 689 696 774 λέγω,
729 691 780 755 ὅτι
808 693 869 756 οὔκ
897 691 1002 774 ε’στιν,
1035 689 1083 766 ὡς

65 805 218 888 φαίνεται
241 799 367 884 ἔχον,“
351 822 396 874 ως
417 798 454 861 τὸ
480 799 541 860 ΓΔ
563 798 646 881 πρὸς
669 799 706 862 τὸ
730 803 806 881 ΑΒ,
830 798 936 873 οὕτως
958 798 995 862 τὸ
1015 801 1084 861 ΒΕ

63 910 147 995 προς
156 932 193 974 το
179 910 275 974 ΕΔ
290 927 388 995 προσ-

64 1015 272 1080 πιπτέτωσαν
324 1017 387 1102 γὰρ

65 1121 194 1199 ἀκτῖνες
233 1124 271 1187 αἱ
304 1128 388 1207 ΑΕ,

19 1243 46 1290 ιο
64 1231 144 1312 ΕΓ,
176 1227 231 1292 καὶ
263 1228 387 1317 κέντρῳ
1137 1312 1140 1317 .

65 1359 125 1420 μεν
163 1345 209 1422 τῷ
246 1341 278 1401 Ε
317 1337 387 1402 δια-

65 1442 203 1524 στηματι
256 1439 292 1506 δε
342 1453 387 1531 τῷ
436 1461 584 1520 B—

65 1551 97 1610 Ε
104 1552 131 1611 Ζ
175 1549 300 1614 κύκλου
337 1574 388 1632 γε-

66 1654 210 1740 γραφθω
247 1654 439 1742 περιφέρεια
476 1657 495 1740 η
529 1662 600 1722 ΗΖ
610 1663 646 1723 Θ.
711 1656 779 1722 ἐπεὶ
813 1653 875 1722 οὖν
907 1658 944 1721 τὸ
976 1659 1086 1721 ΕΖΓ

19 1770 46 1819 [5
65 1765 230 1847 τρίγωνον
252 1771 312 1827 τοῦ
331 1768 439 1828 ΕΖΗ
456 1763 580 1848 τομέως
603 1768 712 1850 μεῖζόν
735 1765 836 1848 ἐστιν,
858 1765 896 1829 τὸ
920 1759 957 1827 δέ
974 1766 1079 1827 ΕΖΔ

65 1871 230 1952 τρίγωνον
257 1878 317 1934 τοῦ
340 1875 441 1935 ΕΖΘ
467 1871 591 1956 τομέως
618 1874 754 1936 ἔλαττόν
782 1870 886 1954 ἐστιν,
918 1870 955 1933 τὸ
979 1871 1085 1933 ΕΖΓ

66 1976 130 2060 ἄρα
149 1979 315 2061 τρίγωνον
332 1978 415 2063 πρὸς
433 1979 493 2042 τὸν
506 1982 615 2043 ΕΖΗ
628 1977 727 2062 τομέα
745 1980 876 2063 μείζονα
895 1979 997 2058 λόγον
1012 1977 1078 2058 ἔχει

64 2081 147 2166 ἥπερ
171 2083 208 2147 τὸ
232 2088 334 2147 ΕΖΔ
361 2087 526 2169 τρίγωνον
553 2085 635 2170 πρὸς
660 2086 719 2148 τὸν
742 2087 842 2147 ΕΖΘ
869 2081 976 2166 τομέα.
1022 2080 1079 2146 καὶ

66 2186 204 2266 ἐναλλὰξ
232 2190 269 2253 τὸ
297 2193 399 2254 ΕΖΓ
421 2194 586 2275 τρίγωνον
613 2191 696 2274 πρὸς
722 2191 759 2253 τὸ
787 2194 885 2254 ΕΖΔ
912 2191 1078 2272 τρίγωνον

19 2303 46 2351 ³0
65 2297 197 2378 μείζονα
229 2297 330 2377 λόγον
363 2298 427 2379 ἔχει
459 2298 540 2380 ἥπερ
573 2297 591 2362 ὁ
619 2301 728 2361 ΕΖΗ
755 2299 872 2381 τομεὺς
903 2297 986 2382 πρὸς
1018 2296 1078 2360 τὸν

65 2405 165 2465 ΕΖΘ
187 2400 296 2485 τομέα,
320 2399 374 2465 καὶ
395 2401 555 2467 συνθέντι
577 2405 615 2468 τὸ
633 2406 729 2468 ΕΓΔ
751 2405 915 2489 τρίγωνον
937 2402 1021 2488 πρὸς
1039 2403 1076 2466 τὸ

65 2511 162 2570 ΕΖΔ
189 2511 354 2592 τρίγωνον
376 2511 507 2592 μείζονα
530 2512 631 2591 λόγον
654 2512 718 2593 ἔχει
741 2510 823 2594 ἥπερ
847 2509 865 2574 ὁ
889 2511 964 2573 ΕΗ
966 2511 995 2572 Θ
1022 2531 1076 2572 το-

65 2616 145 2697 μεὺς
171 2615 254 2699 πρὸς
281 2616 340 2679 τὸν
362 2619 462 2679 ΕΖΘ
488 2615 595 2698 τομέα.
647 2613 719 2679 ἀλλ’
742 2615 785 2692 ὡς
808 2617 845 2679 τὸ
869 2617 971 2680 ΕΔΓ
993 2616 1077 2699 πρὸς

65 2721 103 2785 τὸ
126 2725 223 2784 ΕΖΔ
246 2725 420 2807 τρίγωνον,
443 2721 548 2796 οὕτως
570 2721 590 2805 ἡ
615 2725 675 2786 ΓΔ
697 2723 779 2807 πρὸς
801 2723 863 2805 τὴν
882 2726 958 2786 ΔΖ.
995 2720 1015 2804 η
1040 2717 1077 2785 δὲ

19 2835 47 2883 25
67 2829 129 2891 ΓΔ
151 2837 191 2912 τῇ
214 2832 279 2891 ΑΒ
304 2826 393 2892 ἐστιν
417 2833 485 2911 ἴση,
518 2826 573 2891 καὶ
601 2827 645 2903 ὡς
672 2826 692 2910 ἡ
716 2831 781 2891 ΑΒ
809 2828 893 2912 πρὸς
915 2828 976 2910 την
998 2831 1076 2911 ΔΖ,

66 2932 87 3017 ἡ
105 2938 171 2998 ΒΕ
191 2935 274 3019 πρὸς
297 2935 358 3017 την
375 2938 447 2998 ΕΔ.
479 2933 580 3016 ἡΒΕ
601 2936 665 3018 ἄρα
682 2935 765 3020 πρὸς
783 2935 844 3016 τὴν
859 2938 923 2997 ΕΔ
945 2936 1077 3016 μείζονα

67 3043 168 3123 λόγον
186 3043 250 3124 ἔχει
269 3041 351 3125 ἥπερ
370 3040 388 3105 ὁ
407 3045 481 3104 ΕΗ
484 3045 513 3105 Θ
535 3043 652 3125 νομεὺς
670 3041 752 3125 πρὸς
770 3041 829 3104 τὸν
847 3043 947 3103 ΕΖΘ
967 3038 1076 3123 τομέα.

66 3146 111 3223 ὡς
134 3143 171 3210 δὲ
194 3145 212 3212 ὁ
236 3148 353 3231 τομεὺς
379 3146 463 3231 πρὸς
489 3147 549 3210 τὸν
571 3144 684 3230 τομέα,
712 3145 817 3221 οὕτως
839 3144 859 3227 ἡ
882 3145 948 3210 ὑπὸ
971 3149 1077 3210 ΗΕΘ

65 3256 171 3359 γωνία
205 3253 289 3338 πρὸς
323 3253 436 3336 τῆν’
419 3254 485 3318 υπὸ
523 3257 621 3317 ΖΕΘ
657 3255 791 3334 γωνιᾞαν
854 3252 874 3335 ἡ
911 3253 1024 3315 BE’
1011 3254 1076 3333 ἄρα

139 3391 280 3516 law
301 3391 381 3445 codd.
441 3398 465 3446 4,
487 3392 547 3462 ΓΔ]
567 3408 634 3445 corr
655 3407 689 3444 ex
708 3390 879 3458 Brssvat
899 3395 993 3445 BPv.
1050 3396 1075 3446 6.

66 3464 187 3534 ὡς]οω
236 3463 329 3517 Bvat.
336 3481 394 3516 mv.
473 3469 497 3516 7
517 3460 709 3529 προσπιπτέτω
688 3462 774 3516 ωΒτ
792 3465 821 3515 et
839 3462 913 3531 Van,
937 3461 986 3515 sed
1005 3478 1075 3517 corr
