2334 3788
101 116 169 181 200
313 115 524 169 OPTICOBUM
540 116 720 170 REOENSIO
738 116 904 170 THEONIS.

102 258 248 348 ἑκατέρᾳ.
303 263 373 327 ἔστι
409 258 446 326 δὲ
478 259 534 326 καῖ
565 259 586 343 ή
619 265 649 324 Ρ

102 370 208 450 γωνία
239 377 279 453 τῇ
310 372 346 432 Σ
380 374 448 451 ἴση·
490 374 544 451 ἴση
580 369 645 455 ἀρα

102 472 159 543 καῖ
198 474 219 558 ή
258 478 326 538 ΒΖ
366 474 463 557 βοίσις
502 483 542 559 νή
579 476 651 538 ΒΓ

103 580 207 665 βάσει.
257 581 313 645 θοοὶ
342 582 383 645 τὰ
410 580 494 646 αὐτὰ
521 581 563 664 δή
590 577 646 644 καῖ

69 685 125 769 σή
161 691 229 750 BA
269 696 309 773 νή
346 692 413 752 ΒΑ
454 686 545 752 ἐστιν
583 692 645 770 ἴση.

105 793 168 857 δύο
206 794 247 877 δή
282 794 320 857 αί
355 797 438 878 ΔΒ,
466 797 532 857 ΒΖ
568 791 647 857 δνσῖ

104 910 177 976 ταῖς
216 902 296 983 ΓΒ,
328 902 399 963 ΒΑ
444 905 513 964 ἴσαι
553 901 646 964 εἴσίν.

105 1008 174 1070 ἔστι
206 1001 244 1070 δὲ
274 1002 330 1070 καῖ
362 1004 382 1088 ή
410 1011 479 1070 AZ
510 1014 550 1091 νή
584 1008 648 1070 ΓΑ

107 1117 175 1195 ἴση·
200 1115 306 1195 γωνία
329 1114 393 1198 ἀρα
416 1111 436 1195 ή
459 1113 524 1177 ὑπὸ
547 1117 613 1178 AB
621 1118 648 1177 Z

55 1232 87 1282 10
105 1221 212 1306 γωνίᾳ
256 1228 296 1305 πή
340 1219 406 1284 ὑπὸ
447 1223 549 1285 ΓΒΑ
594 1225 648 1302 ἴση

106 1322 205 1390 ἐστίν.
251 1325 292 1390 τὰ
319 1322 356 1390 δὲ
382 1325 448 1390 ὑπὸ
477 1332 559 1392 ἴσων
588 1349 649 1408 γω-

106 1442 191 1496 νιῶν
220 1430 371 1517 ὁρώμενα
404 1438 459 1497 ἴσα
486 1435 649 1517 φαίνεται.
764 1452 785 1520 <

108 1543 163 1620 ἴση
191 1539 255 1623 ἀρα
281 1536 302 1620 ή
327 1541 391 1603 ΓΑ
417 1548 457 1623 νή
480 1543 547 1603 AZ
576 1543 650 1623 φαί-
786 1521 791 1530 x

107 1667 207 1709 νεται.

55 1766 89 1816 15
586 1748 644 1816 λε’.

176 1855 244 1921 Καὶ
271 1856 329 1923 ἐὰν
355 1856 376 1940 ή
403 1858 469 1922 ὑπὸ
497 1866 556 1922 τοῦ
583 1855 723 1944 κέντρον
751 1857 933 1940 ἀνοιχθεῖσα
965 1855 1008 1938 μή
1037 1856 1126 1940 πρὸς

109 1962 216 2050 ὀρθὰς
237 1957 260 2050 ᾖ
282 1973 327 2051 τῷ
351 1962 509 2052 ἐπιπέδῳ,
533 1970 587 2047 ἴση
611 1961 648 2030 δὲ
670 1974 710 2050 πή
733 1963 769 2029 ἐκ
791 1972 851 2029 τοῦ
874 1960 1027 2045 κέντρον,
1051 1966 1126 2026 ἴσαι

110 2071 147 2134 αἴ
168 2070 337 2156 θιάμετροι
359 2073 574 2155 φανήσονται.

178 2179 260 2241 ἔστω
283 2177 412 2260 κύκλος,
436 2173 476 2241 οὗ
499 2175 637 2263 κέντρον
659 2178 696 2242 τὸ
715 2180 756 2262 Κ,
778 2173 834 2240 καῖ
856 2174 919 2238 ἀπὸ
942 2181 1001 2237 τοῦ
1022 2175 1057 2235 K
1077 2175 1125 2257 μή

57 2298 93 2348 20
111 2282 195 2368 πρὸς
217 2282 323 2368 ὀρθὰς
348 2283 485 2366 ἀνήχθω
513 2293 558 2370 τῷ
583 2281 724 2370 ἐπιπέδῳ
748 2284 767 2366 ή
791 2285 872 2364 ΚΒ,
901 2286 954 2362 ἴση
978 2275 1015 2344 δὲ
1038 2281 1125 2344 ἔστω

111 2396 151 2471 πή
176 2388 211 2452 ἐκ
233 2397 293 2452 τοῦ
316 2387 454 2474 κέντρου
478 2398 539 2453 τοῦ
557 2391 691 2472 κύκλου,
714 2387 769 2454 καῖ
790 2387 1038 2471 ἐπεζεύχθωσαν
1057 2384 1126 2451 ἀπὸ

111 2502 172 2558 τοῦ
195 2498 224 2557 Β
252 2497 388 2578 σημείου
417 2498 454 2560 αί
475 2494 573 2559 αὐπαῖ
595 2506 666 2572 ταῖς
689 2497 859 2581 πρότερον.
905 2494 1029 2557 οὐκοῦν
1053 2490 1127 2557 ἐπεὶ

114 2606 182 2665 ἴσαι
205 2600 361 2683 ἀλλήλαις
383 2599 468 2666 εἴσῖν
491 2603 529 2665 αί
548 2605 631 2684 ΛΚ,
651 2605 726 2684 ΚΒ,
745 2605 824 2684 ΚΖ,
851 2601 939 2685 ὀρθή
963 2598 1004 2664 ἀν
1027 2605 1078 2682 εἴη
1103 2599 1126 2682 ἡ

111 2707 324 2792 περιεχομένη
352 2709 458 2790 γωνία
483 2707 549 2773 ὑπὸ
572 2719 638 2772 τῶν
662 2712 771 2772 ZBA.
818 2708 874 2771 διὰ
900 2708 941 2772 τὰ
968 2692 1066 2771 αὐνά
1081 2707 1128 2790 δή

59 2829 94 2880 25
112 2813 168 2879 καῖ
189 2815 209 2898 ἡ
227 2814 292 2879 ὑπὸ
311 2819 417 2879 ΑΒΓ
433 2814 521 2901 ὀρθή
545 2813 587 2879 ἀν
609 2820 673 2906 εἴη·
697 2820 765 2879 ἴσαι
788 2815 852 2901 ἀρα
875 2816 1006 2878 ἔσονται
1025 2812 1128 2896 ἀλλή-

113 2928 195 2998 λαις.
240 2922 281 2985 ιά
309 2918 349 2986 δέ
368 2945 404 3004 γε
432 2921 497 2986 ὑπὸ
522 2927 603 2986 ἴσων
626 2933 758 3002 γωνιῶν
784 2920 935 3007 ὁρώμενα
963 2925 1018 2984 ἴσα
1046 2924 1128 3003 φαί-

112 3052 214 3095 νεται.
260 3035 314 3112 ἴση
338 3031 402 3115 ἀρα
424 3027 444 3110 ἡ
468 3034 501 3092 A
508 3033 535 3092 Z
558 3037 597 3112 πή
621 3026 691 3092 ΑΓ
711 3029 873 3112 φαίνεται.

113 3175 242 3182 -.-.--
248 3174 326 3180 -—-.

187 3265 211 3312 2.
232 3259 273 3329 Σ]
294 3253 425 3330 Σγωνίμ
444 3275 470 3325 p.
535 3261 559 3310 3.
580 3256 648 3327 ΒΓ]
668 3271 736 3309 corr.
757 3270 791 3306 ex
810 3259 863 3307 BA
881 3271 917 3306 m.
937 3269 990 3307 rec,
1009 3252 1043 3306 V.
1101 3259 1128 3308 5.

115 3330 183 3400 BA]
208 3345 276 3383 corr.
296 3345 330 3382 ex
354 3333 408 3382 ΒΓ
428 3345 463 3383 m.
483 3342 536 3381 rec.
556 3327 589 3380 V.
681 3332 721 3380 10.
748 3326 841 3396 ΓΒΑ]
868 3328 945 3377 ΓΑΒ
966 3341 992 3392 p.
1081 3329 1128 3379 11.

116 3397 173 3454 έσιί
199 3418 227 3469 p.
336 3404 377 3453 17.
405 3399 473 3452 Post
501 3395 622 3470 ἐπιπέδῳ
651 3397 715 3451 add.
743 3405 792 3450 τοῦ
821 3396 923 3450 κύκλον
951 3413 987 3449 m.
1012 3410 1065 3448 ree.
1090 3394 1127 3450 V.

152 3476 194 3524 18.
222 3471 296 3524 Ante
320 3470 351 3524 αἱ
373 3470 438 3524 add.
461 3469 510 3524 καῖ
534 3467 620 3530 οθιως
645 3487 680 3522 m.
700 3483 754 3522 rec.
773 3467 806 3521 V.
898 3473 938 3520 19.
966 3466 1035 3519 Post
1059 3465 1131 3520 ἴστω
