2334 3788
305 142 513 194 orricoauu
532 143 709 195 anounsm
729 143 897 195 Tascius
1044 140 1107 205 151

95 285 279 370 effluerent,
307 307 388 368 quae
412 308 542 350 sensum
564 290 713 350 nostrum
737 285 923 370 adficerent,
947 307 1109 368 quaenam

95 415 193 457 causa
223 397 286 477 cst,
319 415 375 457 cur
401 392 444 477 is,
477 393 532 476 qui
561 415 654 456 acum
683 391 808 476 quaerit
831 391 1013 476 librumque
1037 415 1108 477 per-

93 499 221 584 lustrat,
244 521 339 563 acum
362 520 536 581 omnesque
559 499 685 562 litteras
704 520 771 562 non
789 499 991 582 conspiciat?
1026 522 1105 564 num

95 606 181 690 quod
217 605 415 690 cogitatione
452 606 619 670 districtus
657 605 725 669 sit?
785 609 819 669 at
852 605 951 669 etiam
981 606 1106 670 adtenti

61 700 65 709 ’
95 717 256 796 quaerunt
274 716 307 776 et
322 712 424 777 nihilo
444 713 551 777 minus
569 734 703 796 prorsus
721 734 788 777 non
806 711 988 797 inueniunt,
1012 733 1107 795 saepe

94 840 173 883 uero
210 840 284 882 cum
315 819 387 882 aliis
420 818 641 902 colloquentes
679 821 712 882 et
749 818 947 902 cogitatione
982 818 1107 882 diducti

94 925 230 991 celerius
252 925 432 989 inueniunt.
470 947 511 988 an
533 948 600 989 non
624 946 734 989 omnes
757 924 916 1010 imagines
939 924 975 988 in
996 928 1105 989 uisum

92 1032 287 1117 penetrant?
325 1035 359 1095 at
378 1052 535 1115 quaenam
555 1053 652 1096 causa
674 1036 732 1116 est,
751 1054 808 1096 cur
827 1053 892 1115 eae,
912 1053 993 1116 quae
1012 1054 1107 1116 pene-

92 1143 195 1221 trant,
229 1138 431 1224 seligantur?
485 1142 651 1222 practerea
678 1138 863 1223 dictitabat,
894 1143 1046 1202 naturam
1072 1139 1108 1202 in

92 1244 287 1310 animalibus
316 1245 380 1309 3113
401 1245 707 1328 instrumentorum,
735 1244 853 1327 quibus
878 1246 1036 1330 sentiant,
1067 1246 1109 1309 ad

66 1360 70 1370 “
91 1350 312 1435 recipiendum
337 1355 414 1434 apta
437 1372 650 1436 comparasse,
674 1351 737 1415 alia
755 1373 822 1414 non
841 1356 925 1436 apta.
962 1373 1039 1415 nam
1058 1352 1107 1416 in-

93 1461 275 1522 strumenta
299 1457 458 1541 audiendi,
481 1457 635 1543 sapiendi,
662 1458 817 1522 odorandi
840 1457 1002 1522 introrsus
1027 1481 1108 1524 caua

92 1564 310 1649 comparauit,
335 1568 372 1627 ut
392 1563 591 1628 extrinsecus
616 1564 656 1627 ad
679 1586 717 1628 33
741 1563 933 1648 corpuscula
957 1564 1108 1629 adcidant

93 1657 134 1734 ad
167 1691 279 1734 sensus
309 1669 384 1734 illos
412 1670 599 1733 mouendus.
649 1691 726 1733 nam
753 1691 818 1733 uox
847 1670 887 1734 ad
915 1693 1026 1735 aurem
1054 1673 1108 1736 ad-

92 1776 204 1840 cidens
220 1776 330 1840 locum
349 1781 461 1859 aptum
479 1775 625 1839 inuenire
644 1776 791 1861 debebat,
809 1781 847 1840 ut
866 1783 1011 1842 maneret
1025 1800 1107 1842 neue

91 1882 128 1946 in
151 1882 326 1947 adsidendo
356 1881 468 1946 statim
495 1881 624 1964 repulsa
652 1903 782 1946 sensum
809 1883 983 1948 immotum
1011 1884 1107 1948 relin-

93 1993 207 2073 queret
233 2010 409 2071 uocemque
438 1989 579 2052 adlatam
607 1988 825 2053 confunderet.
880 1994 913 2052 et
941 1991 978 2054 de
1007 2012 1105 2056 sensu

92 2095 248 2160 odorandi
276 2095 433 2160 similiter.
483 2117 560 2159 nam
589 2094 627 2159 de
656 2095 810 2180 sapiendo
839 2095 917 2180 quid
945 2119 1025 2180 opus
1056 2102 1106 2162 est

92 2201 146 2266 uel
169 2202 306 2266 uerbum
328 2202 456 2266 facere?
494 2223 592 2286 quare
612 2202 711 2266 etiam
729 2203 809 2266 haec
828 2203 967 2268 maxime
985 2203 1106 2269 instru-

65 2301 203 2401 menta
230 2309 390 2372 sentiendi
420 2331 500 2374 caua
532 2312 565 2372 ct
593 2308 739 2373 cauernis
772 2308 892 2372 similia
920 2310 1107 2394 comparata

93 2420 179 2500 sunt,
205 2419 241 2478 ut
264 2436 399 2499 corpora
422 2414 605 2479 adcidentia
628 2414 749 2479 diutius
773 2421 950 2480 manerent.
994 2417 1105 2501 itaque

91 2522 202 2586 uisum
221 2543 359 2606 quoque,
378 2522 406 2586 si
425 2543 569 2606 corpora,
593 2543 674 2605 quac
693 2543 767 2586 eum
785 2526 962 2608 mouerent,
987 2523 1106 2588 extrin-

93 2650 186 2692 secus
218 2627 404 2692 adciderent
439 2649 499 2692 nec
530 2627 600 2712 ipse
638 2626 677 2692 ex
712 2650 745 2692 33
778 2628 901 2713 aliquid
932 2630 1106 2717 emitteret,

92 2756 210 2798 cauum
238 2738 463 2818 comparatum
491 2756 561 2798 esse
588 2756 719 2799 neccsse
748 2739 817 2800 erat
845 2740 878 2799 ct
906 2737 946 2800 ad
969 2758 1106 2821 corpora

91 2840 276 2905 adcidentia
299 2839 483 2924 recipienda
506 2845 628 2924 aptum.
673 2863 758 2906 nune
782 2864 860 2906 uero
883 2842 946 2907 hoc
969 2843 1105 2907 nonita

93 2969 164 3011 esse
188 2947 334 3029 adparet,
363 2946 418 3010 sed
441 2946 550 3029 potius
575 2948 730 3030 sphaerae
758 2947 874 3012 similis
899 2949 1010 3014 oculus
1034 2970 1104 3013 esse

95 3053 248 3117 cernitur.

94 3280 144 3334 331
163 3296 231 3334 corr.
300 3285 340 3334 19.
361 3279 403 3352 αἱ]
421 3279 473 3335 ins.
493 3298 529 3334 m.
549 3297 602 3336 rec.
621 3281 654 3336 V.
746 3287 787 3335 21.
812 3278 927 3336 πλείονα
945 3279 1049 3352 χρόνον
1067 3299 1103 3336 m.

93 3367 147 3405 rec.
166 3351 200 3404 V.
280 3356 322 3404 22.
346 3350 417 3418 ἥπερ
436 3369 461 3419 v,
482 3351 531 3404 sed
550 3368 618 3406 corr.
690 3351 876 3421 apostatasse
894 3352 928 3406 V.
1001 3357 1042 3406 23.
1061 3351 1105 3418 &32

95 3419 257 3476 απὲστελλεν
275 3422 332 3476 Vr.
389 3421 457 3476 Post
476 3421 576 3492 ἑαυτῆς
594 3423 659 3478 add.
677 3424 747 3491 πρὸς
761 3420 912 3492 ἀντίληψιν
926 3431 981 3478 τῶν
995 3423 1105 3493 ὁρατῶν

94 3509 130 3547 m.
144 3510 198 3548 rec.
218 3493 250 3548 V.
316 3491 448 3564 211χων
466 3511 492 3562 v,
512 3493 562 3548 sed
580 3510 649 3549 corr.
708 3492 1030 3565 oqatqoabatauqssb
1042 3502 1126 3543 aaa..
