2334 3788
443 117 613 169 EUOLIDIS
634 117 771 170 ΟΡΤΙΟΔ.
1072 113 1116 178 23

101 266 136 325 et
158 263 200 347 c'e,
222 261 258 324 in
280 260 327 325 eis
351 263 426 324 sunt
449 265 482 324 et
506 281 573 342 qq
595 264 725 344 puncta,
747 260 782 324 in
806 281 868 343 quo
892 282 971 325 uero
994 282 1024 345 u,
1043 282 1073 346 9,
1091 281 1116 344 e,

101 366 138 430 in
160 387 198 430 eo
223 371 256 430 et
278 366 333 450 ab,
353 367 413 451 qd,
435 386 473 432 ea
501 365 737 450 magnitudine,
758 365 862 450 igitur
884 367 927 431 ab
952 389 1049 450 quam
1069 368 1119 449 qd

100 472 262 537 eleuatior
284 476 418 557 apparet
442 477 475 537 ct
494 474 543 555 qd
565 494 662 555 quam
685 492 729 537 ea.

172 612 368 698 Aequalium
403 613 667 700 magnitudinum
703 617 800 696 atque
838 612 985 696 superius
1023 614 1116 678 oculo

104 720 282 786 iacentium
305 719 482 784 remotiora
505 720 634 803 quidem
657 719 832 784 humiliora
856 724 1021 805 apparent.

171 827 238 891 sint
265 826 415 910 aequales
443 826 684 912 magnitudines
712 828 769 912 ab,
794 830 853 913 qd,
875 848 913 893 ca
941 828 1118 892 eleuatiora

100 933 244 998 iacentia
272 933 365 998 oculo
388 935 409 997 τ’.
461 933 546 1018 dic0,
578 935 665 1016 quod
695 934 737 998 ub
766 956 862 1017 quam
888 936 937 1017 qd
961 934 1117 999 humilius

102 1045 248 1126 apparet,
267 1041 316 1122 ud
327 1061 406 1104 uero
421 1061 518 1123 quam
532 1060 577 1105 ea.
602 1040 750 1105 accidant
764 1041 851 1105 enim
864 1042 946 1106 radii
960 1042 1005 1127 τὸ,
1018 1043 1065 1126 id,
1074 1042 1116 1114 ia,

102 1146 259 1230 quoniam
278 1167 355 1230 ergo
374 1147 409 1210 ib
428 1145 537 1209 radius
555 1147 596 1211 id
616 1146 779 1230 humilior,
801 1149 842 1211 ld
862 1169 940 1211 uero
961 1170 1057 1231 quam
1074 1149 1118 1226 ia,

103 1252 161 1316 sed
184 1252 220 1315 in
243 1273 306 1335 quo
330 1256 406 1316 sunt
429 1253 479 1335 ab,
502 1253 552 1336 id,
575 1254 624 1338 ta,
652 1257 684 1316 et
710 1252 746 1316 in
772 1276 809 1318 eo
834 1258 910 1318 sunt
934 1259 967 1318 et
990 1255 1020 1337 b,
1044 1256 1165 1340 ά,21

104 1362 138 1422 et
157 1358 210 1443 ab,
225 1360 280 1442 qd,
299 1379 336 1423 ea
354 1359 604 1444 magnitudines,
626 1359 669 1423 ab
688 1380 766 1445 ergo
786 1382 883 1443 quam
899 1363 947 1443 τά
962 1360 1117 1424 humilior

104 1468 240 1547 apparet
263 1469 296 1529 et
315 1466 364 1547 qd
386 1487 482 1549 quam
504 1484 548 1529 ez.

177 1605 392 1691 Quaecunque
426 1607 626 1671 albemarum
659 1630 692 1671 se
725 1613 879 1691 superant
911 1608 971 1672 sub
1004 1609 1117 1673 eodem

104 1713 200 1777 oculo
224 1712 377 1798 iacentia,
406 1714 577 1777 accedente
601 1714 730 1796 quidem
755 1715 848 1779 oculo
873 1714 989 1779 maiori
1012 1714 1116 1778 maius

415 1871 464 1932 ff
531 1863 571 1926 Ε
618 1842 873 1905 superapparens
898 1825 1041 1906 apparet,
1063 1820 1150 1884 ab-1

123 1919 167 1981 A
618 1928 751 1991 cedente
774 1949 852 1990 uero
876 1927 992 1991 minus.

665 2032 731 2096 sint
744 2034 824 2097 duae
833 2033 1019 2118 inaequales
1030 2054 1117 2119 mag-

617 2139 781 2204 nitudines
818 2141 875 2224 ub,
901 2143 961 2225 qd,
1002 2141 1118 2206 maior-

619 2269 680 2331 que
708 2246 751 2310 sit
778 2247 835 2331 ab,
868 2247 979 2311 oculus
1008 2252 1117 2312 autem

618 2353 662 2417 sit
685 2375 709 2439 e,
732 2375 835 2437 aquo
860 2353 984 2418 accidat
1007 2353 1121 2418 radius.
1135 2367 1164 2414 2·

618 2482 675 2544 per
705 2483 726 2543 9
753 2480 797 2525 ea.
853 2459 1006 2543 quoniam
1039 2480 1116 2544 crgo

620 2567 679 2631 sub
709 2567 802 2631 oculo
832 2571 865 2630 et
892 2586 929 2631 eu
959 2566 1050 2630 radio
1077 2567 1117 2632 ab

105 2680 140 2740 et
168 2678 217 2759 qd
247 2682 417 2761 apparent,
454 2678 497 2741 ab
530 2698 608 2763 ergo
637 2675 680 2760 ei,
717 2674 802 2756 quod
834 2676 884 2736 est
912 2674 972 2756 qd,
1009 2695 1118 2757 super-

178 2839 202 2888 2.
221 2832 428 2905 magnitudine]
449 2851 516 2890 corr.
536 2851 569 2888 ee
586 2829 752 2900 magnitudo
772 2831 809 2883 D.

105 2978 166 3029 ΔΓ
180 2992 215 3028 m.
294 2980 317 3028 4.
338 2975 391 3046 ιδ’]
407 2976 442 3029 ιε’
463 2975 543 3029 codd.
616 2980 640 3027 6.
659 2972 848 3039 tancredusque
866 2989 891 3025 v.
971 2977 1011 3026 10.
1031 2989 1117 3039 προσ-

105 3043 228 3100 πιπτέτω
242 3046 296 3100 Bv.
359 3052 400 3100 11.
422 3046 482 3101 ἐπεὶ
497 3043 548 3101 cdv
562 3077 596 3086 -
612 3051 652 3098 13.
669 3049 699 3098 H
704 3045 737 3114 Z]
756 3042 809 3111 bis,
830 3042 879 3096 sed
899 3044 1068 3111 expunctum
1082 3043 1115 3096 V.

144 3122 185 3171 15.
210 3117 247 3188 Δ]
270 3123 304 3185 Δ,
324 3120 349 3172 Ε
373 3135 403 3185 v3
432 3122 512 3186 Δ,Η
528 3134 543 3170 e
562 3133 631 3171 corr.
650 3116 680 3169 Β.
773 3120 814 3168 16.
833 3114 943 3176 τούτοις
960 3113 1114 3167 VBVat.v.

143 3193 184 3242 18.
199 3188 383 3256 ταπεινότερα
392 3207 418 3243 v.
464 3194 504 3242 19.
519 3185 716 3254 ταπεινότερότ
727 3185 811 3256 ἐστιν]
823 3201 876 3237 cm.
886 3185 1010 3253 BVat.v‚
1020 3202 1117 3237 ταπει-

105 3258 223 3327 νότερον
246 3278 282 3313 m.
302 3266 317 3313 2
341 3260 405 3314 Vat.
495 3260 564 3314 Post
587 3258 660 3313 ἐστιν
683 3257 748 3310 add.
768 3255 876 3324 ωέξῆς
894 3255 931 3324 V,
960 3273 995 3308 m.
1015 3261 1031 3308 2
1050 3255 1115 3309 Vct.

143 3337 185 3384 20.
211 3330 326 3456 ιε’]ῼιὲ
347 3331 427 3384 codd.
517 3336 559 3384 22.
584 3327 689 3398 μείζονι
712 3328 816 3398 μεῖζον]
840 3329 913 3390 -ζοτι
936 3334 994 3394 pet·
1016 3328 1116 3395 postea

105 3400 236 3454 additum
277 3445 284 3470 ,
303 3399 409 3470 μείζονι
426 3420 481 3471 mg.
496 3419 532 3455 m.
548 3407 563 3454 2
578 3401 642 3455 Vat.
708 3397 939 3468 ὑποφαιτόμετον
953 3397 1027 3466 vau,
1047 3414 1116 3451 corr.

104 3490 142 3526 m.
162 3477 186 3526 2.
260 3477 302 3526 23.
323 3471 438 3527 ἔλασσον
456 3473 586 3543 BVat.v‚
610 3488 680 3527 corr.
697 3489 737 3527 m.
754 3476 773 3525 2
789 3470 861 3525 lat.
