2334 3788
77 149 140 214 198
284 147 692 204 ονειοοουωκιουωωοιο
711 150 878 203 maome.

74 292 130 360 καὶ
161 296 285 360 κείσθω
317 297 355 360 τὸ
383 292 471 379 ὄμμα
503 293 557 361 ε’κὶ
582 303 643 360 τοῦ
675 299 712 360 Θ.
762 290 848 379 φημὶ
878 294 919 378 δὴ
947 295 1089 358 ἔλασσον

75 401 290 487 ὀφθήσεσθαι
312 410 373 465 τοῦ
391 401 502 466 κώνου
525 403 562 466 τὸ
581 401 751 488 ὁρώμενον
773 397 930 476 τεθέντος
950 410 1011 466 τοῦ
1031 400 1089 485 ὄμ-

74 532 176 593 ματος
199 505 253 573 ἐντί
274 516 335 572 τοῦ
356 511 384 572 Θ
407 510 543 592 σημείου
561 509 643 594 ἤπερ
663 505 717 572 ε’κὶ
734 515 795 572 τοῦ
813 511 854 571 Σ.
892 505 1091 591 ἐπεζεύχθω-

76 631 139 680 σαν
161 616 225 700 γὰρ
249 613 397 679 ἀπὸτοῦ
419 621 452 679 A
480 617 617 699 σημείου
645 610 699 678 ἐπὶ
720 614 761 679 τὰ
786 617 830 696 Θ,
849 617 885 677 Σ
908 624 1025 698 σημεῖα
1053 615 1092 678 αί

40 727 109 788 σΔ
116 726 159 805 Θ,
178 728 211 786 A
217 726 253 786 Σ
276 719 333 786 καί
361 720 637 806 ἐκβεβλήσθωσαν
665 716 718 785 ἐπὶ
745 720 785 785 τὰ
811 724 860 804 Ν,
879 723 920 784 Λ.
965 720 1090 786 οὐκοῦν

74 825 131 892 ἐπί
154 850 190 892 τε
218 835 278 893 τοῦ
301 829 341 892 Ν
366 825 423 892 καὶ
451 824 512 893 ἐπὶ·
531 836 591 892 τοῦ
619 831 651 891 Λ
682 828 819 911 σημείου
846 823 1001 904 τεθέντος
1028 835 1089 892 τοῦ
1126 838 1130 847 “

75 931 220 1018 ὄμματος
247 936 347 999 ὄνισα
374 937 527 1018 φαίνεται
554 934 595 998 τὰ
620 932 770 1020 ὁρώμενα
796 940 857 996 τοῦ
880 933 1006 1017 κώνου,
1033 932 1090 999 καὶ

74 1042 215 1105 ἔλασσον
242 1037 303 1124 μὲν
330 1044 485 1125 φαίνεται
512 1041 549 1105 τὸ
576 1040 659 1123 πρὸς
685 1048 732 1127 τῷ
759 1044 809 1123 Ν,
841 1043 951 1124 μεζον
982 1036 1020 1104 δὲ
1050 1041 1090 1104 τὸ

74 1148 157 1234 πρὸς
174 1156 220 1235 τῷ
236 1151 276 1211 Λ.
309 1152 384 1212 ἴσον
403 1144 440 1212 δὲ
457 1148 495 1213 τὸ
513 1143 574 1230 μὲν
596 1147 679 1231 πρὸς
697 1155 742 1233 τῷ
762 1151 802 1211 Ν
819 1155 865 1234 τῷ
888 1146 972 1232 πρὸς
988 1155 1035 1234 τῷ
1051 1150 1090 1231 Θ,

23 1266 57 1316 10
74 1254 112 1317 τὸ
136 1249 173 1317 δὲ
196 1255 278 1339 πρὸς
300 1262 346 1341 τῷ
365 1257 397 1318 A
419 1262 466 1341 τῷ
488 1253 571 1340 πρὸς
589 1261 636 1335 τῷ
656 1256 697 1337 Σ,
721 1253 765 1329 ώς
784 1251 884 1340 ἐντῷ
902 1252 1090 1337 πρὸαύτοῦ

75 1359 218 1443 ἐδείχθη.
263 1369 323 1424 τοῦ
351 1362 415 1446 ἄρα
438 1358 583 1444 ὄμματος
609 1360 692 1445 πρὸς
714 1368 760 1447 τῷ
787 1364 815 1423 Θ
841 1363 963 1447 σημείῳ
991 1356 1090 1436 ὄντος

74 1468 215 1531 ἔλασσον
238 1468 391 1551 φαίνεται
418 1467 456 1531 τὸ
479 1465 649 1551 ὁρώμενον
675 1473 735 1529 τοῦ
758 1467 868 1531 κώνου
895 1467 978 1551 ἥπερ
1004 1466 1091 1553 πρὸς

73 1582 120 1660 τῷ
144 1576 185 1637 Σ.

549 1730 613 1797 λύ’.

22 1868 55 1916 15
139 1855 194 1922 Ἐν
220 1858 329 1944 κύκλῳ
358 1856 421 1921 ἐὰν
449 1856 512 1921 ἀπὸ
540 1864 601 1920 τοῦ
628 1855 768 1941 κέντρου
794 1857 877 1942 πρὸς
904 1856 1011 1943 ὀρθάς
1037 1879 1091 1933 τις

75 1962 164 2049 ἀχθῇ
187 1973 232 2051 τῷ
255 1971 316 2028 τοῦ
338 1963 462 2027 κύκλου
487 1959 640 2049 ἐπιπέδῳ,
666 1959 719 2025 ἐπὶ
742 1958 779 2025 δὲ
800 1963 922 2045 ταύτης
944 1968 1026 2048 τεθῇ
1049 1964 1090 2027 τὸ

75 2067 173 2153 ὄμμα,
197 2074 263 2133 ίσαι
289 2069 326 2132 αί
347 2068 516 2154 διάμετροι
540 2076 600 2132 τοῦ
622 2069 746 2132 κύκλου
770 2071 958 2152 φαίνονται.

142 2178 223 2240 ἔστω
247 2176 310 2258 γὰρ
333 2175 462 2258 κύκλος,
486 2169 527 2238 οὗ
545 2172 684 2260 κέντρον
700 2174 738 2238 τὸ
757 2176 799 2257 Κ,
821 2171 877 2237 καὶ
896 2173 959 2238 ἀπὸ
978 2183 1038 2238 τοῦ
1056 2178 1094 2238 Κ

74 2282 157 2367 πρὸς
184 2280 291 2366 ὀρθὰς
318 2280 454 2364 ἀνήχθω
483 2289 528 2368 τῷ
558 2279 700 2366 ἐπιπέδῳ
727 2288 788 2344 τοῦ
815 2281 939 2345 κύκλου
966 2282 987 2364 ἡ
1010 2284 1089 2363 ΚΒ,

21 2398 56 2448 20
74 2389 111 2451 τὸ
136 2383 173 2450 δὲ
195 2385 283 2470 ὄμμα
306 2388 429 2451 κείσθω
454 2384 506 2450 ἐπὶ
527 2395 587 2449 τοῦ
605 2389 644 2468 Β,
666 2383 722 2448 καὶ
740 2385 909 2471 διάμετροι
926 2387 1090 2470 ἤχθωσαν

74 2493 112 2557 αί
129 2496 199 2576 ΓΑ,
212 2498 245 2556 A
252 2496 287 2556 Z.
325 2489 410 2577 φημί
428 2491 470 2574 δὴ
488 2493 550 2574 τὴν
567 2497 600 2555 Α
607 2494 639 2554 Γ
656 2502 695 2576 τῇ
714 2497 747 2554 A
754 2496 781 2555 Z
800 2498 876 2575 ἴσην
895 2495 1088 2577 φαίνεσθαι.

75 2597 323 2681 ἐπεζεύχθωσαν
346 2599 409 2684 γὰρ
433 2598 470 2661 αί
489 2601 562 2681 ΒΑ,
579 2601 653 2680 ΒΖ,
672 2601 743 2680 ΒΓ,
763 2602 834 2663 BA.
876 2599 1001 2664 οὐκοῦν
1024 2599 1087 2664 δύο

74 2705 112 2768 αί
137 2709 216 2787 ΒΚ,
242 2708 305 2767 KZ
339 2701 415 2768 δυσὶ
443 2715 514 2780 ταῖς
540 2707 620 2786 ΒΚ,
644 2706 715 2766 ΚΓ
742 2710 810 2768 ίσαι
838 2703 923 2770 είσὶν
950 2703 1088 2791 ἑκατέρα

146 3002 400 3071 θόφθησεταιμ,
424 3002 589 3072 ὠωθήσεται
607 3020 633 3058 v
725 3003 786 3068 ὡρω
774 3002 923 3071 ’1,μενον
892 3004 997 3056 vsed
1015 3020 1084 3058 corr

112 3081 136 3128 3
157 3075 197 3146 Σ]
218 3091 270 3129 om
291 3092 315 3129 v
399 3079 422 3128 ὅ
443 3075 479 3144 A]
500 3090 568 3129 corr
589 3078 725 3128 exAm
746 3073 813 3127 2V.
896 3078 920 3128 9
940 3075 1082 3146 τω(οεο)]

75 3144 149 3199 τόν.
236 3146 388 3234 τῷ(ί.εώ)]
412 3144 443 3199 τό
462 3163 516 3213 pv
541 3145 620 3213 etV,
649 3161 717 3199 corr
737 3162 773 3198 m.
793 3159 846 3198 rec.
934 3150 976 3200 10.
1003 3150 1085 3218 τῷΔ

75 3217 124 3341 vm)
143 3236 174 3271 το
194 3216 311 3271 Λτότ.
393 3235 430 3268 τω
445 3217 561 3306 (tert)]
564 3215 595 3269 τύ
613 3234 663 3284 pv
746 3222 787 3269 11
811 3215 954 3287 τμητόν
1037 3234 1085 3286 ση-

76 3306 155 3356 μεου
175 3306 204 3356 v,
229 3290 257 3341 eb
275 3288 308 3356 V,
333 3287 381 3341 sed
401 3301 468 3340 corr.
552 3286 637 3366 ὄντως
656 3305 681 3341 v.
769 3293 810 3341 12.
832 3270 957 3341 ἐλάσσων
976 3288 1009 3356 V,
1035 3288 1086 3341 sed

76 3375 146 3414 corr
219 3365 260 3412 15.
281 3359 336 3412 ἀπὸ
355 3378 405 3412 του
424 3355 579 3428 κεντρου]
572 3375 602 3409 1n
616 3375 669 3412 ras
685 3376 720 3412 m
738 3357 804 3411 lV.
878 3364 920 3413 19.
940 3359 988 3431 τῶ]
1008 3358 1038 3413 τό
1058 3377 1085 3415 v

111 3434 153 3482 20.
174 3431 235 3500 τοῦ]
255 3446 353 3497 omp.
441 3434 482 3482 23.
507 3430 580 3482 Ante
599 3434 655 3483 ΒΚ
667 3428 737 3499 (alt)
758 3445 826 3483 εοεαε.
848 3430 921 3484 PV
1009 3433 1084 3504 ΚΓ]

60 3512 132 3551 eon.
155 3514 193 3551 ex
209 3504 323 3556 KAm.
345 3516 398 3556 rec.
420 3499 453 3558 V.
