2324 3788
412 124 582 176 EUOLIDIS
601 124 739 177 omes.
1037 119 1080 184 37

70 289 109 332 ex
128 266 264 351 obliquo
288 267 418 350 quidem
436 267 525 332 uisae
544 266 765 331 dimissionem
784 266 903 331 habere
922 266 1082 350 uidentur,

69 374 206 439 inferius
231 379 339 438 autem
362 375 444 439 recti
467 396 545 439 esse.
592 378 624 439 ei
647 373 781 438 umbrae
804 394 942 458 quoque.

137 570 221 634 Esto
246 570 357 634 circuli
380 570 533 654 periferia
555 571 610 654 by,
633 570 745 633 oculus
769 591 846 634 uero
870 568 947 632 din
970 569 1083 632 eodem

67 676 169 760 planu
194 674 241 760 ύμ
261 676 445 761 periferiae,
478 699 497 740 a
525 697 588 760 quo
617 676 765 740 accidant
789 676 880 739 uisus
904 676 946 739 db
975 678 1008 738 ei
1031 675 1082 757 ιλμ

67 782 175 868 igitur
208 783 361 866 quoniam
394 782 540 847 uisorum
567 783 651 847 nihil
682 787 789 847 totum
822 781 918 846 simul
946 781 1084 865 uidetur,
1119 790 1124 835 λ

67 892 161 953 recia
184 910 261 975 ergo
286 893 336 954 esi
360 890 408 954 ba.
455 889 606 953 similiter
629 893 737 954 autem
761 894 794 953 et
815 910 864 972 νμ.
910 891 982 951 iota
1005 908 1083 972 ergo

68 997 113 1078 ύμ
135 995 287 1078 periferia
308 999 399 1060 recta
421 1000 479 1059 est.

140 1188 259 1274 Sperae
283 1190 549 1273 qualitercunque
572 1191 662 1255 uisae
686 1191 746 1254 sub
770 1212 835 1254 unc
860 1190 952 1254 oculo
976 1189 1083 1253 minus

70 1297 271 1380 hemisperio
305 1319 431 1382 semper
463 1301 611 1382 apparet,
643 1319 743 1380 eaque
770 1298 843 1361 uisa
869 1318 981 1380 sperae
1008 1317 1084 1380 pars

68 1404 132 1468 sub
157 1402 277 1468 circulo
302 1406 456 1467 contenta
479 1408 621 1488 apparea
1102 1413 1124 1459 1⁴

139 1513 210 1573 esto
239 1531 345 1594 spera,
378 1509 469 1574 cuius
498 1513 644 1574 centrum
672 1531 707 1595 a,
740 1510 852 1574 oculus
882 1531 960 1574 uero
988 1509 1018 1593 b,
1051 1512 1084 1572 ei

69 1615 289 1702 coniungatur
308 1617 361 1701 ab,
384 1621 417 1680 et
440 1616 595 1680 educatur
617 1638 675 1700 per
694 1617 736 1680 ab
759 1621 883 1680 rectam
905 1616 1084 1700 epipedum.

67 1721 171 1786 faciei
195 1744 273 1808 ergo
297 1723 475 1787 sectionem
498 1722 623 1806 circuli,
648 1727 681 1787 et
704 1722 748 1786 sii
767 1724 828 1807 μιλ,
855 1726 888 1785 ολ
912 1722 998 1786 eirca
1020 1720 1085 1784 dia-

67 1833 212 1894 metrum
235 1828 278 1893 ub
302 1828 441 1893 circulus
465 1828 667 1893 describatur
687 1829 766 1912 qud,
788 1833 821 1892 et
845 1827 1085 1912 coniungantur

64 1937 112 2019 qb
145 1939 178 1999 et
210 1936 266 2020 db,
293 1956 351 2021 ομ,
378 1937 432 2000 ad.
488 1934 640 2018 quoniam
673 1934 895 1999 semicirculus
928 1937 978 1998 est
1009 1933 1085 2018 uyb,
1104 1946 1124 1992 1ι

67 2045 179 2106 rectus
204 2062 281 2127 erge
306 2045 356 2105 est
379 2041 445 2124 ομύ
469 2040 617 2126 angulus.
654 2040 803 2105 similiter
826 2044 935 2105 autem
954 2044 987 2104 ei
1006 2039 1084 2104 buc.

67 2151 177 2212 reciae
206 2169 283 2234 ergo
309 2148 353 2231 qb
381 2153 414 2212 et
441 2148 486 2213 bd
512 2147 737 2233 contingentes
766 2151 843 2212 suni
869 2168 928 2231 per
950 2147 1085 2211 tertium

146 2308 169 2356 1.
194 2302 307 2356 uidetur
325 2304 363 2359 D.
454 2309 478 2358 2.
503 2304 570 2358 Post
588 2320 699 2372 quoque
718 2311 787 2374 spat.
806 2321 867 2359 auc.
886 2308 959 2358 4-5
977 2305 1025 2359 lia.
1045 2303 1083 2356 D.

108 2379 132 2426 5.
152 2372 242 2427 nichil
260 2375 297 2429 D.
377 2381 417 2430 12.
437 2375 645 2444 coniungantur
663 2376 700 2430 D.
775 2381 816 2430 15.
836 2374 968 2428 -cireulus
989 2407 1021 2416 -—
1042 2380 1083 2430 16.

67 2446 178 2516 rectus]
197 2447 228 2499 ι’νι
245 2463 300 2501 rus.
319 2446 358 2514 D,
376 2463 427 2516 seq.
447 2449 505 2515 tus.

108 2628 150 2676 10.
171 2623 249 2694 ἔστω]
270 2639 323 2676 om.
342 2623 463 2677 Vat.¹m.
555 2630 596 2678 14.
619 2633 675 2678 τῶν
695 2621 854 2695 ὁρωμένων]
872 2633 922 2678 τοῦ
942 2623 1084 2693 ὁρωμένου

67 2694 198 2784 Πολι.
253 2700 293 2796 151.
315 2692 362 2764 ὅλη
379 2694 452 2764 ...ἡ
468 2700 524 2749 ΒΓ
538 2692 714 2767 περιφέρεια]
735 2693 801 2765 ὅλην
817 2737 857 2748 ...
872 2695 923 2765 τὴν
936 2699 994 2749 BF
1008 2715 1085 2798 ulsca-

69 2784 195 2908 aggf]
212 2765 401 2905 {aarum
414 2765 564 2905 rivium,
580 2767 764 2907 3352?er
779 2766 1022 2906 iiiiiieiiat'
1042 2786 1082 2894 ii]

67 2908 130 2979 κγ’]
152 2908 198 2967 κε’
214 2908 340 2962 VVat.v.
419 2913 461 2961 18.
486 2907 548 2970 ἑνός
579 2926 663 2977 supra
681 2909 773 2964 ser.V
798 2917 848 2962 τού
868 2908 931 2972 ἑνός
948 2909 1037 2963 Vaiv
1056 2911 1085 2963 et

67 2981 171 3049 postea
189 2977 241 3032 ins.
261 2978 291 3032 B.
360 2984 401 3032 19.
422 2977 535 3035 ἔλαττον
579 2981 617 3034 at.
682 2985 723 3034 20.
744 2953 958 3051 μύρος](1ο1.]λ,
979 2997 1083 3034 cmm.

105 3051 209 3105 κύκλον
226 3047 403 3120 περιφέρεια]
422 3066 490 3104 corr.
510 3067 544 3104 cx
562 3051 725 3120 ἡμικύκλιον
744 3050 832 3120 μόνον
850 3070 886 3106 m.
907 3057 922 3104 2
941 3051 974 3105 V.
1041 3055 1083 3104 23.

68 3122 133 3193 BA]
152 3127 202 3175 AB
220 3121 327 3175 Vauv?
381 3121 484 3176 κύκλον
504 3139 593 3190 comp.
607 3140 643 3176 rn.
708 3128 749 3177 24.
769 3121 831 3193 τόν]
848 3122 884 3177 τύ
904 3122 939 3189 Β;
958 3120 989 3175 τό
1008 3121 1083 3191 Vae,

67 3210 139 3247 corr.
158 3211 194 3246 m.
215 3198 239 3246 2,
325 3192 439 3264 κύκλον]
459 3210 526 3248 corr.
547 3209 581 3247 ex
599 3194 701 3248 κύκλον
720 3212 760 3263 m,
781 3210 834 3248 om.
853 3193 907 3261 Bv,
927 3210 963 3246 m.
983 3198 998 3245 2
1017 3192 1082 3246 vat.

104 3264 217 3334 κύκλος]
238 3261 329 3331 ἔτερος
347 3263 448 3326 κύκλος
465 3282 501 3317 m.
582 3269 624 3318 25.
645 3264 733 3335 ΓΒΔ]
754 3269 858 3318 ΓΒΔΑ
876 3264 996 3332 Vat.¹m‚
1015 3269 1083 3316 m.2

65 3335 165 3390 vvat.
243 3340 284 3389 26.
305 3334 365 3404 ΒΔ]
384 3340 410 3388 Δ
429 3350 443 3388 e
463 3351 530 3388 corr.
549 3335 582 3389 V.
654 3336 796 3407 ΑΔ,ΑΓ]
815 3337 940 3402 ΑΓ,ΑΔ
958 3334 1082 3389 Buccv.

105 3405 181 3461 ἐστιν
199 3406 252 3460 Bv.
320 3405 415 3476 ΑΓΒ]
435 3422 503 3460 corr.
523 3410 653 3460 exAFA
670 3407 704 3476 V,
723 3409 807 3459 ΑΒΓ
821 3424 857 3459 m.
921 3411 963 3460 27.
983 3403 1095 3476 γωνία]

65 3477 124 3546 ἄρα
144 3476 268 3532 BVat.v.
342 3473 427 3548 ἐστίν]
447 3493 498 3532 om.
519 3476 643 3533 BVat.v.
717 3476 827 3551 ἠῼῦλλ]
858 3494 966 3533 unm.
