2334 3788
122 108 188 171 312
513 113 743 167 οεοονιωιοε.

123 275 228 338 οπτρα
255 253 337 318 κατὰ
364 257 423 332 τὰς
445 254 532 340 ἁφὰς
559 267 625 320 τῶν
650 255 768 335 ὄψεων.
814 257 937 323 οὐκοῦν
961 263 1015 340 ἴση
1039 256 1134 324 ἐστὶν

122 357 143 441 ἡ
166 356 227 443 μὲν
246 365 272 423 Ζ
296 369 334 446 τῇ
356 366 393 445 Θ,
416 362 436 446 ἡ
460 359 496 426 ὁὸ
514 366 549 425 K
568 372 608 448 τῇ
626 367 671 427 A·
694 363 753 447 ὅλη
777 366 841 448 ἄρα
858 365 879 448 ἡ
897 368 963 428 ΚΖ
987 371 1042 447 ἴση
1063 363 1133 430 ἐστὶ

121 475 162 552 τῇ
187 471 256 531 ΘΛ.
300 467 585 551 ἀνακλασθησεται
606 471 671 556 ἄρα
693 469 713 553 ἡ
737 469 812 547 ὁψις
835 470 898 536 ἀπὸ
921 480 981 535 τοῦ
1004 480 1133 553 κυρτοῦ

124 573 284 659 ἐνόπτρου
312 583 371 639 τοῦ
396 576 428 638 Γ
450 573 503 639 ἐπὶ
525 577 562 640 τὸ
585 582 619 640 Δ
645 574 701 640 καὶ
728 574 791 641 ἀπὸ
814 586 873 641 τοῦ
897 583 930 642 Δ
958 575 1012 642 ἐπὶ
1038 580 1079 643 τὸ
1104 583 1135 642 Ε

87 678 177 744 ὁκαὶ
200 680 264 745 ιἰπὸ
287 689 346 745 τοῦ
369 686 401 744 Ε
421 679 475 746 έπὶ
497 683 534 747 τὸ
555 688 596 747 A.
633 684 779 768 φανερὸν
802 678 873 766 οὖν,
898 683 949 748 ὅτι
970 682 1027 748 καὶ
1051 708 1132 771 κυρ-

121 798 190 850 τῶν
207 785 228 870 ἢ
246 789 368 851 κοίλων
387 786 494 853 ὄντων
508 787 663 854 ἁπάντων
680 787 735 853 καὶ
749 787 1020 873 ἀναμεμιγμένων
1039 793 1133 855 ἔστιν

124 894 209 958 ἴὸεἴν
232 895 269 958 τὸ
292 892 382 958 αὐτό.

599 1052 653 1122 ις’.

188 1175 241 1242 Ἐν
260 1188 329 1254 τοῖς
347 1176 513 1254 ἐπιπέδοις
531 1178 701 1263 ένόπτροις
714 1176 852 1242 ἕκαστον
870 1188 936 1242 τῶν
953 1177 1134 1265 ὁρωμένων

69 1295 105 1344 10
122 1285 204 1349 κατα
227 1286 288 1368 τὴν
311 1283 374 1349 ἀπὸ
397 1293 456 1349 τοῦ
479 1281 648 1370 ὁρωμένου
671 1285 814 1349 κάθετον
836 1284 960 1370 ὁρᾶται.

62 1460 73 1477 Ἰ
190 1393 271 1455 ἔστω
299 1393 459 1477 ένοπτρον
486 1390 642 1456 έπίπεὸον
668 1392 705 1455 τὸ
729 1394 805 1474 ΓΛ,
838 1389 925 1476 ὄμμα
957 1388 993 1455 ὁὸ
1026 1393 1063 1456 τὸ
1093 1395 1134 1474 B,

49 1496 91 1588 ᾗ
123 1496 291 1582 ὁρώμενον
315 1493 351 1562 ὁὸ
374 1498 410 1562 τὸ
429 1503 471 1581 A,
493 1495 548 1561 καῖ
571 1500 652 1562 ἔστω
676 1497 815 1574 κάθετος
837 1498 858 1581 ἡ
881 1497 945 1562 ἀπὸ
967 1506 1028 1562 τοῦ
1047 1497 1133 1582 ὁρω-

123 1601 224 1686 μένου
253 1602 304 1668 ἐπὶ
327 1605 364 1668 τὸ
388 1607 548 1689 ένοπτρον
574 1603 595 1686 ἡ
619 1609 651 1667 A
657 1607 692 1668 Γ.
739 1603 862 1668 οὐκοῦν
887 1602 956 1669 ἐπεὶ
977 1602 1134 1669 ὑπέκειτο

124 1709 160 1774 ἐν
194 1721 263 1786 τοῖς
293 1709 520 1794 φαινομένοις,
553 1710 602 1774 ὁτι
634 1707 903 1801 καταληφθέντος
934 1718 994 1775 τοῦ
1027 1713 1136 1775 τόπου

70 1825 105 1874 15
123 1825 183 1880 τοῦ
208 1820 240 1881 Γ
266 1817 326 1900 οὐχ
354 1816 469 1901 ὁρᾶται
496 1818 532 1880 τὸ
558 1821 604 1899 A,
636 1817 673 1880 τὸ
701 1823 733 1880 A
765 1818 828 1901 ἄρα
860 1815 1046 1900 ὀφθήσεται
1080 1814 1133 1881 ἐπ’

123 1922 256 1998 εὐθείας
274 1946 312 2006 τη
331 1929 363 1986 A
369 1926 404 1987 Γ
442 1921 524 1987 ἄλλα
547 1923 588 2005 δὴ
606 1920 661 1985 καῖ
680 1920 730 1986 ἐπ’
747 1922 879 1998 εὐθείας
897 1945 936 2006 τη
956 1927 1019 1985 BA
1042 1925 1135 1999 ὄψει·

86 2031 205 2093 ικατὰ
232 2031 268 2093 τὸ
296 2030 373 2093 Ε”
353 2049 429 2114 αρα·
448 2027 611 2139 ὑπέκειτρ
638 2029 702 2113 γαρ
729 2027 808 2111 ἡμῖν
834 2029 871 2092 τὸ
900 2028 999 2111 εὐθύ,
1029 2024 1070 2093 οὗ
1096 2031 1134 2095 τὸ

123 2134 224 2218 μέσον
243 2146 311 2209 τοῖς
329 2136 442 2220 ακροις
461 2114 669 2219 ἐπιπροσθει·
689 2135 772 2198 ὥστε
790 2133 905 2198 εὐθεῖα
924 2137 1014 2198 ἔσται
1029 2133 1049 2217 η
1065 2141 1138 2199 ΑΕ

122 2239 178 2304 καὶ
200 2240 220 2322 ἡ
245 2246 316 2305 ΒΕ.

70 2412 106 2461 20
601 2399 652 2479 ιζ’.

189 2521 242 2587 Ἐν
265 2535 335 2600 τοῖς
356 2536 489 2607 κυρτοῖς
512 2524 683 2609 ένόπτροις
706 2523 843 2589 ἕκαστον
865 2535 932 2588 τῶν
952 2522 1140 2608 ὁρωμένων

124 2631 205 2694 κατὰ
228 2631 289 2713 την
311 2628 374 2693 ἀπὸ
398 2639 456 2694 τοῦ
480 2628 649 2715 ὁρωμένου
673 2632 720 2707 εἴς
741 2632 778 2695 τὸ
801 2631 939 2715 κέντρον
956 2639 1014 2711 τῆς
1034 2634 1138 2714 σφαί-

125 2760 185 2822 ρας
208 2734 372 2819 ἀγομένην
395 2736 531 2800 εὐθεῖαν
554 2736 678 2821 ὁρᾶται.

191 2845 272 2906 ἔστω
296 2842 418 2927 κυρτὸν
441 2845 601 2928 ένοπτρον
624 2844 660 2906 τὸ
681 2846 750 2926 ΓΔ,
773 2844 861 2926 ὄμμα
882 2838 918 2906 ὁὸ
936 2842 972 2905 τὸ
992 2846 1032 2924 Β,
1058 2845 1138 2920 ὄψις

196 3111 220 3159 2.
240 3104 345 3193 ἡ(ρν.)]
365 3121 434 3158 eras
450 3122 475 3158 v.
531 3102 575 3173 ἴση
586 3110 653 3157 -.3
675 3106 736 3175 ΘΛ]
756 3102 804 3175 ὁῖη
823 3112 856 3175 τη
871 3107 927 3159 ΛΘ
946 3101 990 3173 ἴση
1006 3102 1081 3160 ἐστίν
1096 3123 1135 3159 m

161 3172 347 3231 2έστίνΜτ.
403 3181 427 3229 5.
447 3125 655 3246 καῖ(οι1ὁ.)]οιο.
666 3175 758 3230 Mvm
815 3172 955 3246 6.’καῖ]
937 3193 1004 3241 ηοω.
1062 3178 1136 3230 ἀνα-

126 3245 294 3337 μεμιγμένον
312 3265 348 3315 m,
368 3247 417 3299 sed
431 3263 512 3301 corr
506 3244 771 3334 ,ἀναμεμηγμένων
790 3264 815 3314 V,
835 3246 884 3299 sed
903 3262 971 3299 corr.
1032 3251 1057 3299 8.
1079 3248 1135 3318 ις’]

125 3339 159 3386 κγ
164 3318 241 3371 'Vv.
302 3323 343 3372 10.
342 3319 424 3408 τοῦ]
443 3327 498 3372 τῶν
517 3318 553 3372 M
614 3324 655 3371 13
674 3315 814 3388 ὑπέκειτο]
833 3316 979 3370 ὁπόκειται
996 3335 1032 3370 m.
1091 3323 1134 3371 14.

125 3387 356 3477 φαινομένοις]”
341 3409 415 3456 οροις
432 3407 468 3441 m.
549 3393 589 3442 16.
609 3390 679 3459 ΑΓ]
699 3393 757 3442 ΔΓ
771 3389 840 3440 Mm.
914 3387 973 3458 BA]
994 3391 1042 3440 BA
1061 3387 1135 3442 Mm.

162 3466 203 3512 17.
223 3458 306 3530 κατά]
326 3458 394 3527 μετα
412 3459 449 3512 Μ
514 3458 581 3529 ἄρα]
601 3476 653 3512 om.
673 3477 709 3513 m.
770 3456 910 3529 ὑπέκειτο]
930 3457 1077 3512 ὑπόκειται
1095 3475 1134 3512 m.
