2334 3788
114 141 178 205 1ῖο
319 145 530 200 οενιοοωωω
546 124 726 199 memo
744 144 910 201 νοαοαιε.

591 305 647 391 ιβ’.

183 416 256 478 Τῶν
274 416 321 490 εἰς
339 415 572 501 τοόμπροσθεν
590 423 693 498 μῆκος
712 412 855 497 ἑχόντων
873 415 914 480 τά
927 413 988 500 μὲν
1003 415 1040 483 ἐν
1053 429 1125 494 τοῖς

111 517 230 597 δεξιοῖς
252 521 300 595 εἰς
321 521 362 587 τά
385 519 541 605 ἀριστερὰ
564 522 657 586 δοκεῖ
672 527 854 607 παρῆχθαι,
876 522 917 586 τά
936 521 973 588 δὲ
995 523 1033 589 ἐν
1052 537 1123 602 τοῖς

111 624 296 717 ἀριστεροῖς
318 629 366 703 εἰς
388 629 428 692 τά
452 626 550 706 ἀεξιά.

76 752 92 800 5
178 735 259 798 ἔστω
277 735 340 821 γάρ
360 733 511 819 ὁρώμενα
530 734 570 800 τά
587 738 616 798 Β
624 737 752 819 Γ,ΔΖ,
801 709 835 765 B

110 841 198 923 ὄμμα
221 836 258 904 δὲ
280 841 317 906 τὸ
341 844 383 925 K,
409 839 468 925 ἀφ’
490 837 531 906 οὗ
553 833 752 928 προσπιπτέὲ

109 962 220 1012 τωσαν
238 948 330 1024 ὄψεις
349 948 387 1012 αι’
403 951 478 1031 ΚΓ,
493 950 568 1031 ΚΑ,
585 951 660 1032 ΚΒ,
675 952 751 1033 KZ,
796 959 828 1013 A
1079 943 1114 989 H

109 1056 191 1136 KH,
210 1055 288 1117 ΚΔ.
325 1052 450 1118 οὐκοῦν
468 1054 505 1118 τὸ
523 1059 557 1117 Δ
579 1060 750 1141 παρῆχθαι

109 1159 203 1224 δοκεῖ
227 1161 274 1234 εἰς
297 1159 337 1223 τά
360 1158 516 1246 ἀριστερά
538 1160 620 1244 ἤπερ
644 1161 681 1225 τὸ
704 1164 749 1225 Η.
800 1190 831 1234 J·
1067 1155 1091 1204 Ζ

56 1283 90 1332 10
109 1266 230 1350 ὁμοίως
257 1262 294 1330 ἀὲ
316 1264 372 1329 καὶ
399 1266 436 1330 τὸ
459 1270 488 1330 Β
516 1267 563 1342 εἰς
590 1266 631 1329 τά
659 1263 749 1343 ὃεξιά

108 1374 202 1438 δοκεῖ
220 1378 391 1458 παρῆχθαι
413 1374 496 1459 ἥπερ
520 1373 556 1437 τὸ
577 1377 618 1435 A.
665 1372 748 1436 ὥστε
940 1370 977 1428 K

107 1490 175 1544 τῶν
201 1481 249 1555 εἰς
274 1480 508 1565 τοόμπροσθεν
530 1487 633 1563 μῆκος
656 1478 747 1562 ἐχόν-

107 1608 175 1649 των
205 1585 246 1649 τά
277 1581 337 1669 μὲν
370 1584 406 1650 έν
437 1595 507 1662 τοῖς
538 1582 658 1662 δεξιοῖς
689 1587 736 1661 εἰς
767 1585 807 1650 τά
839 1584 994 1672 ἀριστερὰ
1028 1586 1122 1650 δοκεῖ

106 1697 290 1778 παρῆχθαι,
314 1692 353 1756 τά
373 1689 413 1756 ’δέ
436 1691 473 1757 έν
496 1703 565 1768 τοῖς
588 1692 772 1778 ἀριστεροῖς
795 1693 841 1768 εἰς
864 1692 905 1756 τά
929 1689 1027 1769 ὃεξιά.

1094 701 1119 763 Δ

55 1886 88 1934 15
587 1867 644 1952 ιγ’.

177 1979 250 2041 Τῶν
287 1981 369 2041 ἴσων
400 1983 552 2060 μεγεθῶν
583 1976 648 2042 ὑπὸ
682 1977 719 2041 τὸ
752 1978 839 2060 ὄμμα
876 1973 1035 2059 κειμένων
1075 1977 1115 2040 τά

105 2085 218 2168 πόρρω
240 2086 373 2167 κείμενα
396 2085 618 2169 μετεωρότεροι
641 2085 804 2167 φαίνεται.

172 2192 253 2253 ἔστω
281 2191 344 2275 γάρ
374 2195 428 2254 ῖσα
455 2188 579 2273 μεγέθη
609 2191 649 2253 τά
676 2192 754 2272 ΒΓ,
777 2193 858 2271 ΔΖ,
882 2191 951 2251 ΚΛ
982 2188 1047 2253 ὑπὸ
1079 2190 1117 2253 τὸ

106 2295 193 2378 ὄμμα
220 2295 256 2358 τὸ
280 2299 320 2358 Ν
341 2298 488 2379 κείμενα,
520 2293 575 2360 καὶ
603 2295 666 2360 ἀπὸ
694 2304 754 2359 τοῦ
782 2300 821 2360 Ν
845 2296 988 2379 ὄμματος
1015 2312 1117 2380 προσ-

53 2415 88 2464 20
105 2398 311 2467 πιπτέτωσαν
331 2401 459 2479 ἀκτῖνες
477 2402 515 2466 αῖ
525 2405 554 2466 Β
560 2407 605 2484 Ν,
619 2405 697 2484 NA,
711 2406 750 2465 Ν
751 2405 791 2466 Κ.
820 2401 943 2466 οὐκοῦν
957 2424 1116 2487 μετεωρο-

105 2507 184 2591 τάτη
205 2505 295 2572 ἐστὶν
315 2507 333 2591 ἡ
353 2512 421 2573 ΝΒ
444 2519 511 2572 τῶν
530 2512 655 2572 λοιπῶν
674 2507 831 2573 ἀκτίνων·
856 2509 939 2572 ὥστε
956 2506 1011 2573 καὶ
1029 2509 1066 2573 τὸ
1086 2513 1116 2573 Β

105 2625 249 2697 σημεῖον.
294 2616 331 2679 τὸ
355 2616 420 2700 ἀρα
443 2616 511 2677 ΒΓ
528 2623 588 2677 τοῦ
606 2618 640 2677 Δ
646 2619 673 2678 Ζ
695 2617 935 2701 μετεωρότερον
954 2617 1117 2699 φαίνεται,

104 2721 141 2784 τὸ
165 2717 202 2785 δὲ
224 2726 291 2786 ΔΖ
318 2730 378 2785 τοῦ
401 2724 478 2784 ΚΛ.
528 2731 595 2784 τῶν
622 2722 686 2805 ἀρα
710 2727 792 2786 ἴσων
815 2727 967 2805 μεγεθῶν
988 2721 1053 2786 ὑπὸ
1077 2723 1115 2786 τὸ

104 2829 192 2911 ὄμμα
209 2826 369 2912 κειμένων
383 2826 423 2890 τά
437 2828 550 2912 πόρρω
569 2830 702 2911 κείμενα
716 2830 937 2914 μετεωρότερα
952 2832 1114 2912 φαίνεται.

51 3018 85 3067 25
581 3002 637 3069 ιδ’.

176 3116 249 3176 Τῶν
273 3116 355 3174 ἴσων
378 3116 530 3194 μεγεθῶν
552 3112 621 3176 ἀνω
644 3112 705 3176 τοῦ
726 3112 870 3196 ὄμματος
891 3110 1051 3196 κειμένων
1074 3114 1115 3177 τά

103 3221 216 3304 πόρρω
239 3220 371 3301 κείμενα
395 3221 607 3303 ταπεινότερα
630 3221 793 3302 φαίνεται.

174 3364 199 3412 3.
219 3354 266 3429 δέ]
286 3355 313 3412 δ’
330 3376 356 3426 p.
445 3362 467 3411 7.
488 3355 529 3428 αἱ]
549 3353 617 3426 λέγω
637 3355 679 3411 ὄτι
698 3357 728 3411 αἱ
746 3375 772 3412 v.
859 3362 883 3412 8.
903 3361 979 3431 KH]
999 3363 1064 3413 KN
1078 3360 1112 3414 V.

139 3434 162 3483 9.
183 3429 225 3499 H]
246 3431 279 3482 N
293 3429 326 3483 V.
409 3433 450 3482 12.
469 3428 647 3496 τοῦμπροσθε
666 3429 699 3482 V.
773 3427 900 3498 ἐχόντων
918 3448 948 3499 v,
975 3432 1024 3485 sed
1043 3448 1112 3486 corr.

130 3505 171 3553 13.
194 3500 300 3564 δεξιοῖς
319 3531 353 3540 -
374 3504 414 3554 14.
435 3499 505 3572 τοῖς]
525 3516 578 3556 om.
597 3517 623 3554 v.
697 3503 737 3554 18.
758 3501 826 3571 KA]
845 3517 897 3555 om.
918 3519 943 3556 v,

180 3650 195 3683 l
