2334 3788
434 118 604 171 EUGLIDIS
623 117 761 172 omos.
1059 112 1101 178 97

93 263 232 349 angulus
261 263 317 347 qui
345 263 406 327 sub
434 263 499 328 aab
530 261 650 348 angulo
678 261 753 346 aaa,
785 260 841 324 sed
869 260 929 324 cib
963 258 1102 345 angulus

88 369 215 456 *angulo
238 370 306 434 cdl)
334 369 451 454 maior,
479 373 511 432 et
534 368 673 454 angulus
696 367 760 433 aab
789 387 866 452 ergo
891 366 1009 452 angulo
1033 366 1101 430 udb

94 476 198 541 maior
221 480 279 542 est.
323 480 355 540 et
379 475 438 541 sub
463 475 583 561 angulo
606 475 670 540 aab
694 474 884 559 magnitudo
908 473 950 536 ab
973 472 1102 536 uidetur

93 583 188 648 oculo
208 604 340 667 supera
363 583 530 664 existente,
553 580 702 646 similiter
721 584 830 645 autern
850 584 883 645 et
902 580 962 643 sub
982 579 1101 665 angulo

92 690 161 755 odd
186 711 282 772 super
305 692 327 755 d
348 689 515 755 existente.
555 688 723 772 inaequale
747 709 836 773 erge,
859 687 945 770 quod
963 686 1102 772 uidetur,
1138 695 1155 744 5

93 800 228 881 apparet
252 797 313 861 sub
336 797 466 882 punctis
489 797 523 882 d,
540 817 566 862 a.

161 907 193 966 et
221 903 250 967 si
281 907 422 988 ponatur
449 902 592 987 aequalis
623 902 653 966 ei
686 923 767 985 qnae
795 905 844 965 est
871 903 914 966 da
946 922 984 964 ea
1020 921 1102 983 quae

92 1013 144 1073 est
159 1029 211 1095 pr,
233 1010 340 1074 minor
357 1010 471 1093 utique
490 1010 532 1074 ab
556 1009 616 1073 sub
633 1030 654 1091 p
673 1012 807 1093 apparet
826 1030 922 1092 quam
940 1008 983 1071 ab
1002 1007 1062 1071 sub
1075 1027 1102 1088 a,

92 1137 114 1179 a
135 1116 265 1200 punctis
284 1137 362 1181 uero
383 1139 412 1201 p,
431 1118 454 1181 d
474 1115 626 1200 aequalis.

162 1290 245 1356 Sunt
277 1292 355 1379 loci,
385 1293 421 1357 in
453 1293 568 1377 quibus
603 1292 695 1358 oculo
717 1278 925 1377 'transposito
953 1290 1101 1376 aequales
1121 1310 1154 1358 10

93 1399 333 1484 magnitudines
353 1404 386 1465 et
405 1399 619 1465 communiter
634 1403 826 1483 occupantes
841 1399 931 1463 locos
946 1398 1102 1482 quosdam

93 1505 289 1588 aliquotiens
323 1506 453 1592 quidem
489 1506 652 1591 aequales,
689 1505 883 1590 aliquotiens
915 1504 1101 1589 inaequales

93 1617 259 1696 apparent.

162 1724 232 1783 esto
265 1719 377 1786 oculus
410 1719 539 1803 quidem
567 1721 600 1804 d,
631 1719 870 1805 magnitudines
904 1719 961 1804 ab,
983 1719 1038 1802 bq,
1070 1721 1102 1782 et

93 1826 303 1908 protrahatur
322 1848 341 1889 a
359 1829 479 1909 puncto
498 1825 515 1889 b
539 1825 811 1910 perpendicularis
830 1827 873 1890 da
896 1829 928 1889 et
950 1824 1102 1888 iniciatur
1121 1841 1154 1889 15

94 1953 191 2015 super
208 1952 233 1997 a
271 1931 480 1996 manifestum
500 1937 618 2017 autem,
636 1931 789 2015 quoniam
803 1930 978 1996 secundum
993 1952 1102 2013 quarn-

94 2059 220 2122 cunque
248 2039 317 2102 eius
350 2038 436 2122 quod
464 2042 514 2102 est
536 2041 579 2103 da
607 2043 733 2123 partem
757 2038 785 2102 si
812 2043 952 2121 ponatur
980 2036 1102 2121 oculus,

92 2143 146 2226 ab,
160 2144 202 2226 bp
220 2145 422 2228 apparebunt
438 2145 593 2228 aequalia.
621 2148 852 2229 transponatur
866 2148 975 2208 autern
989 2142 1101 2208 oculus

94 2254 127 2314 et
151 2250 194 2314 sit
217 2272 240 2315 e.
291 2251 377 2336 dico,
407 2251 560 2335 qnoniam
585 2252 641 2337 ab,
664 2252 705 2334 tq
731 2250 914 2335 inaequalia
937 2254 1101 2334 apparent.

93 2356 241 2422 accidant
263 2357 346 2422 radii
368 2379 419 2443 eo,
437 2358 484 2443 eb,
502 2379 549 2444 ep,
572 2363 604 2422 et
628 2358 829 2423 describatur
852 2356 937 2422 eirea
959 2378 1024 2439 dep
1046 2356 1102 2420 tri-
1120 2374 1156 2423 20

96 2484 218 2547 genum
245 2466 333 2547 cedq
366 2465 518 2548 circulus,
551 2469 584 2530 et
616 2464 775 2529 adiciatur
807 2465 836 2528 ei
873 2485 954 2547 quae
987 2466 1036 2527 est
1063 2462 1101 2528 cb

93 2573 184 2633 reeta
202 2569 245 2632 bi.
283 2571 436 2653 quoniam
455 2593 532 2657 ergo
552 2569 695 2655 aequalis
715 2572 762 2635 ud
782 2568 934 2655 periferia
949 2571 997 2652 qd
1017 2568 1102 2653 peri-

93 2673 204 2760 feriae,
226 2675 330 2740 maior
353 2699 430 2741 uero
454 2679 493 2741 αἱ
515 2676 667 2761 periferia
694 2698 792 2760 quarn
814 2677 865 2760 ip,
891 2674 995 2739 maior
1023 2696 1101 2760 ergo

166 2870 189 2919 8.
210 2868 339 2939 ab(pr.)]
359 2870 417 2934 aab
436 2868 473 2922 D.
544 2873 584 2923 12.
605 2866 720 2935 quidam
738 2867 776 2922 D.
842 2871 882 2922 18.
903 2871 957 2941 ab]
976 2871 1040 2938 aab
1063 2867 1101 2921 D.

130 2937 273 3010 aequalia]
292 2956 343 3010 my.
363 2957 397 2994 m.
417 2945 433 2993 1
452 2941 489 2993 D.

92 3133 129 3169 m.
150 3121 165 3169 2
185 3117 249 3172 Vat.
323 3123 364 3171 14.
386 3119 421 3190 o]
441 3117 471 3170 in
488 3136 543 3172 ras.
562 3136 598 3173 m.
618 3124 633 3171 2
652 3118 685 3186 V,
709 3124 774 3189 Av,
795 3121 823 3173 et
840 3118 915 3188 Vct,
934 3134 1001 3172 corr.
1021 3136 1057 3172 m.
1077 3123 1102 3172 2.

129 3185 176 3258 τά]
194 3187 226 3242 τό
245 3189 325 3243 codd.
390 3189 654 3262 AB,BP]inras.
670 3191 703 3245 V.
771 3196 811 3244 15.
832 3191 1053 3262 BZ]Beoorr.
1068 3188 1101 3258 V,

94 3263 148 3311 ΔΖ
166 3276 192 3328 v,
212 3261 241 3312 et
258 3260 332 3329 Vat,
352 3260 402 3314 sed
421 3277 488 3315 corr.
508 3279 544 3314 m.
564 3267 588 3316 2.
649 3267 689 3315 16.
710 3260 755 3315 ἐπὶ
773 3260 816 3333 τό]
836 3277 904 3314 corr.
925 3276 959 3314 ex
977 3260 1034 3314 ἀπὸ
1052 3268 1102 3314 τοῦ

93 3345 130 3384 m.
150 3335 165 3383 2
184 3329 217 3384 V.
291 3333 328 3403 Δ]
351 3336 415 3400 Zv,
435 3334 464 3385 et
481 3332 555 3401 Vat.‚
575 3349 642 3387 corr.
662 3350 697 3386 m.
717 3339 741 3387 2.
822 3336 863 3385 18.
884 3330 932 3402 ἄν]
952 3329 1002 3386 ἐάν
1021 3330 1101 3386 codd.

131 3407 171 3455 19.
193 3403 262 3473 ΒΓ]
282 3419 297 3457 e
317 3420 384 3457 corr.
404 3421 439 3457 m.
460 3409 475 3456 2
494 3403 568 3474 Vat,
589 3407 638 3458 ΓΔ
655 3405 744 3459 va.
817 3408 859 3457 26.
879 3402 954 3474 ΔΓ]
976 3407 1024 3457 ΓΔ
1042 3420 1102 3457 vm.

130 3478 171 3527 aa
191 3475 293 3546 ΑΔΗ]
313 3479 365 3529 ΑΔ
383 3492 419 3528 m.

145 3573 293 3625 Euclides,
311 3574 362 3616 edd.
373 3576 479 3630 Heiberg
493 3577 621 3631 etMenge.
645 3577 704 3619 vn.
949 3565 972 3610 ‘l
