2334 3788
451 127 620 179 nucnm1s
640 126 776 179 onnon.
1075 119 1118 185 85

188 296 221 364 Si
259 298 424 383 quantitas
461 298 569 382 aliqua
604 296 878 382 perpendicularis
909 295 1007 359 fuerit
1045 295 1118 358 sub-

109 413 229 479 iacenti
260 414 358 498 plano
387 413 537 499 ebipedo,
566 417 708 498 ponatur
736 417 844 477 autem
877 412 989 476 oculus
1022 432 1118 494 super

111 529 241 613 aliquod
263 533 420 614 punctum
443 529 587 620 ebipedi„
601 532 903 614 transponatnrque‚
925 527 1011 610 quod
1033 526 1119 590 uide-

110 649 171 728 tur,
196 667 292 729 super
311 645 422 710 circuli
440 645 625 731 periferiam
645 650 791 710 centrum
809 643 960 708 habentis
979 641 1118 725 oculum,

110 781 236 843 semper
259 760 400 844 aequalis
424 783 475 826 res
500 764 672 844 conspecta
695 760 824 825 uidetur
846 760 1022 824 seeundum
1045 780 1115 841 par·
1159 785 1167 795 ⁴

110 875 237 940 allelam
260 875 457 960 positionem
479 876 509 940 ei
533 898 614 959 quae
638 899 655 940 e
678 874 839 960 principio
863 874 1033 940 transiens.

176 1004 255 1085 est0,
279 1022 360 1083 quae
384 1000 521 1085 uidetur,
544 999 653 1083 aliqua
671 1000 862 1086 magnitudo
886 999 929 1064 ab
951 998 1118 1084 perpendi-

110 1115 227 1180 cularis
255 1115 397 1180 existens
426 1116 575 1200 ebipedo,
607 1115 718 1180 oculus
746 1137 823 1180 uero
853 1114 896 1179 sit
918 1137 953 1200 p,
985 1119 1017 1179 et
1045 1135 1118 1178 con-

109 1231 264 1316 iungatur
288 1231 345 1316 pb,
377 1234 410 1295 et
437 1235 548 1296 centro
576 1232 748 1316 quidemq
776 1231 882 1315 spatio
907 1230 951 1313 pb
979 1229 1117 1294 circulus

110 1347 310 1412 describatur
333 1347 383 1411 bd.
430 1347 516 1433 dico,
539 1347 706 1432 quoniam,
730 1347 758 1411 si
782 1369 878 1431 super
901 1346 1013 1411 circuli
1035 1344 1165 1429 peri-1·

109 1462 225 1526 feriam
238 1467 469 1547 transponatur
482 1463 526 1527 ab
544 1463 745 1549 magnitudo,
763 1463 803 1526 ab
824 1463 916 1528 oculo
932 1484 953 1545 q
974 1460 1117 1546 aequalis

109 1577 273 1642 uidebitur
301 1577 351 1642 ab.
407 1580 527 1643 etenim
557 1579 600 1643 ab
632 1584 720 1643 recta
753 1583 803 1644 est
835 1582 867 1642 et
898 1577 978 1643 facit
1010 1578 1050 1641 ad
1077 1576 1119 1659 by

109 1693 265 1779 angulum
297 1699 436 1779 rectum,
469 1716 644 1778 omnesque
677 1717 696 1758 a
726 1699 836 1760 centro
868 1694 1049 1759 accidentes
1078 1693 1118 1757 ad

109 1809 221 1875 circuli
258 1809 442 1893 periferiam
478 1814 584 1875 rectae
621 1809 770 1894 aequales
809 1810 945 1894 angulos
981 1809 1116 1873 faciunt.

108 1925 251 2010 aequalis
275 1946 353 2010 ergo
377 1929 549 2009 conspecta
572 1925 736 1990 uidebitur
758 1926 958 2011 magnitudo
1136 1938 1167 1985 rr

180 2047 208 2112 si
239 2070 317 2113 uero
350 2071 369 2112 a
402 2054 512 2114 centro
543 2071 565 2132 y
600 2049 907 2134 perpendiculariter
943 2054 1118 2133 consurgat

108 2168 211 2249 recta,
238 2168 271 2228 et
294 2186 390 2248 super
417 2186 488 2229 eam
516 2165 627 2230 oculus
651 2169 804 2250 ponatur,
831 2169 864 2229 et
887 2169 1118 2249 transponatur

17 2351 26 2366 ι
109 2285 282 2364 conspecta
304 2281 495 2366 magnitudo
520 2282 696 2346 secundum
714 2280 826 2347 circuli
844 2281 1029 2365 periferiam
1046 2305 1118 2366 par-

109 2395 221 2471 allelos
241 2395 382 2460 existens
400 2401 516 2482 rectae,
535 2419 631 2480 super
650 2419 747 2480 quam
765 2402 815 2461 est
835 2397 956 2483 oculus,
974 2399 1116 2482 aequalis

108 2533 234 2594 semper
257 2533 308 2576 res
333 2517 507 2595 conspecta
530 2512 666 2577 uidetur.
1133 2524 1147 2572 2

180 2779 203 2828 5.
229 2771 369 2896 aequalis}
387 2790 508 2855 cornea
527 2774 658 2843 aequales
677 2794 710 2830 ru.
730 2782 746 2831 1
765 2777 803 2831 D.
895 2782 919 2832 8.
944 2777 1116 2848 coniungan-

108 2846 155 2897 tur
173 2845 211 2899 D.
290 2850 331 2900 10.
371 2845 519 2898 esonbrtur
536 2847 574 2901 D.
652 2852 692 2901 11.
713 2849 764 2918 ab]
783 2869 802 2916 n
821 2850 859 2904 ab
877 2849 915 2904 D.
988 2855 1030 2905 20.
1051 2866 1116 2903 oon·

109 2916 216 2986 specta]
237 2916 376 2985 completa
394 2917 433 2970 D:

144 3205 185 3254 14.
197 3197 363 3268 μεθίσταται
372 3217 408 3268 m,
420 3201 449 3253 et
458 3200 532 3270 Vct,
543 3201 592 3255 sed
602 3218 669 3257 corr.
727 3209 767 3258 18.
779 3203 882 3275 ὀρθήν]
898 3220 950 3258 om.
961 3204 1069 3258 VVat.¹
1077 3222 1113 3259 m.

144 3276 186 3325 19.
206 3279 255 3325 τοῦ
267 3271 340 3342 (pr.)]
360 3287 412 3325 om.
429 3289 454 3341 v,
473 3290 509 3326 m.
530 3278 545 3326 2
564 3272 628 3328 Vat.
683 3272 812 3347 κέντρου]
831 3277 933 3330 κύκλου
952 3276 1016 3329 Vat.
1071 3280 1113 3330 20.

107 3360 248 3431 ποιοῦσιν]
263 3356 408 3416 soractim
426 3359 499 3431 Vnt,
519 3369 649 3416 ποιοῦσαι
663 3380 688 3418 v,
745 3369 786 3419 21.
809 3364 839 3417 τὸ
854 3361 974 3433 μέγεθος
991 3381 1016 3418 u.
1072 3370 1114 3417 22.

108 3428 237 3502 κέντρου]
257 3447 324 3486 corr.
345 3446 379 3484 ex
397 3431 500 3486 κύκλου
518 3432 582 3488 Vat.
655 3440 697 3487 23.
717 3436 908 3507 peccaremus]
928 3443 1115 3503 percursatum

106 3501 172 3571 Vm,
193 3503 223 3555 et
240 3501 326 3570 Vat.¹‚
346 3502 395 3556 sed
414 3519 482 3558 corr.
555 3509 598 3560 25.
616 3503 794 3576 παράλληλον
815 3505 989 3577 tulimus.
1000 3523 1046 3557 m.
