2334 3788
156 800 368 877 Ἀποδεικνὺς
390 802 430 864 τδι
453 802 535 865 κατὰ
557 803 618 885 τὴν
642 800 722 879 ὄφιν
739 805 954 887 παραμυθιάς
977 800 1104 885 έκόμιζέ

93 931 186 984 τινας
207 911 571 994 προσεπιλογιζόμενος,
594 909 681 974 διότι
704 907 775 974 κατ’
797 909 930 985 εὐθείας
952 911 1103 994 γραμμὰς

91 1024 159 1080 πᾶν
182 1026 253 1098 φῶς
276 1013 419 1101 φέρεται.
457 1027 593 1099 σημεῖον
616 1012 652 1080 δέ
670 1017 791 1081 τούτου
815 1015 969 1099 μέγιστον
992 1016 1050 1092 τάς
1068 1039 1103 1080 τε

93 1121 156 1186 ἀπὸ
179 1133 247 1186 τῶν
266 1121 427 1205 σωμάτων
446 1121 753 1208 ἀπορριπτουμένας
773 1123 867 1198 σκιδις
888 1120 944 1186 καλ
961 1124 1020 1199 τὰς
1038 1122 1102 1188 ἀπὸ

59 1239 161 1292 ὁτῶν
187 1229 342 1313 θυρίδων
364 1251 398 1292 τε
425 1225 481 1292 καὶ
509 1227 601 1293 ὀπῶν
629 1226 813 1314 φερομένας
840 1229 944 1311 αὐγὰς
970 1232 1102 1313 κομίζει.

92 1333 230 1399 ἕκαστον
263 1330 299 1398 δὲ
330 1336 458 1398 τούτων
491 1334 551 1399 οὐκ
583 1333 626 1399 ἀν
658 1334 818 1418 ἐγίγνετο,
855 1335 1005 1421 καθάπερ
1038 1344 1103 1400 νῦν

91 1446 267 1524 θεωρεῖται
298 1442 510 1523 γιγνόμενον,
547 1446 636 1525 είπερ
669 1442 713 1524 μὴ
751 1440 788 1504 αί
818 1440 881 1506 ἀπὸ
913 1451 973 1506 τοῦ
1005 1441 1102 1524 ἡλίου

92 1548 271 1633 φερόμεναι
300 1545 428 1622 ἀκτῖνες
454 1547 536 1611 κατά
559 1569 652 1623 τινας
680 1547 813 1623 εὐθείας
836 1546 1003 1634 ἐφέροντο.
1050 1549 1106 1614 ε’πί

91 1676 126 1718 τε
149 1663 216 1718 τῶν
238 1651 316 1739 παρ’
337 1653 416 1737 ἡμῖν
439 1665 556 1739 πυρῶν
578 1655 637 1730 τὰς
656 1652 937 1738 ἀποστελλομένας
959 1659 1102 1739 ἔφασκεν

40 1773 74 1821 10
93 1759 196 1842 αὐγὰς
220 1763 326 1836 αἰτίας
349 1755 433 1824 εἶναι
457 1769 517 1825 τοῦ
540 1783 575 1824 τε
598 1763 803 1843 φωτίζεσθαί
817 1785 892 1825 τινα
913 1773 980 1826 τῶν
997 1784 1101 1847 παρα-

91 1865 251 1950 κειμένων
274 1867 434 1951 σωμάτων
457 1865 512 1931 καὶ
531 1866 745 1953 ἀπορρίπτειν
764 1868 857 1943 σκιάς
876 1868 934 1944 τάς
952 1865 1012 1952 μέν
1029 1875 1103 1946 ίσας

91 1984 160 2048 τοῖς
192 1971 420 2057 ὑποκειμένοις
452 1975 596 2057 σώμασι,
627 1974 685 2049 τάς
712 1970 749 2037 δὲ
776 1977 941 2058 μείζονας,
973 1976 1033 2050 τὰς
1065 1973 1101 2040 δὲ

92 2077 272 2155 ἐλάσσονας
298 2091 366 2144 τῶν
393 2078 618 2163 ὑποκειμένων
645 2080 815 2163 σωμάτων.
865 2079 921 2145 καλ
944 2087 1017 2162 ίσας
1040 2079 1101 2166 μὲν

92 2183 306 2270 ἀπορρίπτειν
324 2186 427 2269 σκιάς,
447 2186 508 2249 ὅσα
526 2198 596 2261 τοῖς
614 2190 792 2269 φωτίζουσι
810 2198 930 2272 πυροῖς
949 2193 1002 2252 ίσα
1022 2188 1101 2272 ἐστί,

41 2303 73 2352 15
92 2289 150 2365 τάς
177 2313 211 2354 τε
240 2290 376 2375 έσχάτας
404 2291 538 2367 ἀκτῖνας
566 2290 617 2356 ἐπὶ
645 2294 772 2357 τούτων
800 2297 995 2377 συμβαίνειν
1018 2316 1101 2377 παρ-

8 2464 10 2468 ,
92 2398 255 2478 ἀλλήλους
268 2400 443 2479 γίγνεσθαι
462 2396 517 2462 καὶ
531 2399 610 2481 μήτε
625 2401 855 2475 συναπτούσας
869 2400 971 2476 αὐτάς
984 2410 1101 2484 μειοῦν

90 2504 151 2586 τὴν
178 2504 275 2567 σκιάν
301 2504 381 2586 μήτε
409 2505 474 2587 μὴν
503 2502 744 2589 ἑξαπλουμένας
771 2503 897 2589 αὔξειν,
929 2506 1001 2572 ἀλλ’
1027 2499 1101 2573 οἶόν

43 2611 65 2651 '³⁴
91 2607 159 2672 ἐστι
192 2610 229 2672 τὸ
263 2608 505 2694 ἐπιπροσθοῦν,
537 2611 694 2694 τοιαύτην
725 2609 780 2675 καὶ
812 2621 870 2695 τῆς
898 2623 992 2689 σκιάς
1019 2631 1101 2698 συμ-

90 2718 226 2800 μετρίαν
245 2716 441 2799 φυλάσσειν·
461 2716 635 2793 ε’λάσσονες
649 2713 685 2781 δὲ
699 2729 767 2782 τῶν
781 2719 943 2802 σωμάτων
961 2721 998 2784 αί
1010 2725 1103 2784 σκιαί

24 2834 72 2884 ,20
90 2823 189 2904 εἰσιν,
222 2822 302 2886 ὅταν
328 2823 368 2886 τά
396 2825 580 2906 φωτίζοντα
607 2824 696 2908 πυρά
723 2827 855 2907 μείζονα
882 2819 917 2910 ᾖ·
949 2827 1008 2901 τάς
1035 2829 1098 2921 γὰρ

91 2927 226 3012 ἑσχάτας
245 2927 379 3003 ἀκτῖνας
397 2931 594 3011 συμπίπτειν
613 2926 757 3004 ἑαυταῖς·
781 2929 834 2993 διὸ
854 2931 894 3012 δὴ
914 2929 969 2994 καὶ
983 2941 1101 3015 μειοῦν

91 3089 303 3097 .--—-—-———

164 3191 205 3245 Τά
224 3192 277 3259 πρὸ
295 3201 351 3246 τῶν
371 3189 523 3246 Ειάκλείδου
543 3192 664 3246 ὀπτικῶν
683 3192 762 3260 va.
819 3199 842 3246 1.
862 3192 930 3246 Post
949 3193 1018 3263 ὅφιν
1033 3195 1098 3247 add.

90 3263 105 3317 δ
125 3261 278 3332 Εάκλείδης
296 3281 332 3316 m.
351 3279 404 3316 rec.
424 3263 457 3316 V.
531 3262 649 3334 ἐκόμιζε]
672 3266 740 3317 οιοῖ.
760 3262 790 3316 in
810 3262 915 3332 κομίζει
936 3283 971 3318 m.
991 3281 1044 3318 rec,
1065 3266 1098 3319 V.

126 3340 150 3387 2.
171 3333 254 3405 διότι]
274 3336 315 3388 δι-
335 3333 388 3387 del.
408 3352 443 3387 m.
459 3350 511 3388 rec.
527 3334 560 3387 V.
628 3341 652 3388 4.
672 3333 946 3407 ἀπορριπτοομένας]
967 3357 1008 3405 γρ.
1024 3357 1100 3405 γινο-

78 3401 174 3468 μένας
184 3423 221 3458 111,
237 3421 290 3458 rec.
303 3405 334 3474 V,
351 3402 594 3475 ἀπορριπτομένας
607 3424 634 3475 p.
691 3412 731 3459 10.
752 3406 793 3476 τε]
813 3425 843 3475 με
862 3406 917 3460 vv.
975 3413 1016 3461 14.
1032 3408 1101 3462 Ροεῖ
