2334 3788
80 162 145 225 342
473 165 705 216 CATOPTRICA.

78 312 126 391 K,
145 311 176 371 A
199 311 335 392 γωνίας,
363 309 400 372 αί
421 304 457 371 δὲ
481 307 544 372 ἀπὸ
568 317 628 372 τοῦ
652 313 684 371 A
708 305 760 371 ε’τιὶ
784 308 844 390 τὴν
867 309 940 370 ΔΓ
957 307 1015 370 διὰ
1038 306 1098 382 τὰς

78 419 127 498 Ν,
152 414 182 488 Ξ
211 417 334 496 γωνίας
368 420 440 489 ίσας
473 415 583 490 οὔσας.
639 415 689 479 ὅτι
720 411 756 478 δὲ
788 423 889 478 πᾶσαι
922 411 1022 477 αὐταὶ
1050 415 1099 488 είς

79 519 197 598 ἑαυτὰς
221 521 438 605 ἀνακλωνται,
462 522 578 604 δῆλον·
604 521 640 586 ἐκ
662 531 722 585 τοῦ
746 522 810 606 γὰρ
833 520 973 607 κέντρου
997 516 1098 586 οὖσαι

77 627 254 711 ἡμικύκλια
277 637 442 712 ποιοῦσιν,
466 631 503 693 αί
520 625 556 692 δὲ
575 641 643 694 τῶν
660 629 865 712 ἡμικυκλίων
886 632 1006 710 γωνίαι
1027 635 1097 692 ίσαι

43 743 58 791 5
78 738 176 800 εἰσίν·
211 733 257 800 δι’
280 742 361 800 ίσων
385 738 448 821 ἄρα
471 746 603 818 γωνιῶν
631 737 668 799 αί
689 736 885 812 ἀνακλάσεις
906 739 1096 818 γίγνονται·

77 843 125 916 είς
148 839 266 918 ἑαυτὰς
289 837 351 906 οὖν
374 840 591 906 ἀνακλῶνται.
632 850 735 906 πᾶσαι
758 843 822 927 ἄρα
846 849 1095 924 συμπεσοῦνται

78 947 141 1011 οάιὸ
164 947 300 1012 πάντων
323 958 390 1012 τῶν
409 951 554 1031 σημείων
577 945 630 1012 ἐπὶ
649 948 708 1024 τὰς
726 949 782 1013 διὰ
800 957 861 1013 τοῦ
878 946 1020 1033 κέντρου
1039 945 1096 1011 καὶ

78 1052 113 1117 ἐν
143 1063 188 1141 τῷ
216 1053 341 1142 κέντρῳ
370 1054 548 1138 [ἀκτῖνας]
603 1055 732 1119 τούτων
765 1051 826 1121 οὗν
853 1065 920 1119 τῶν
948 1055 1094 1119 ἀκτίνων

77 1158 386 1245 ἐκθερμαινομένων
404 1158 480 1245 περὶ
494 1163 530 1226 τὸ
545 1159 683 1246 κέντρον
696 1168 764 1246 πῦρ
779 1161 977 1247 ἀθροίζεται.
1010 1163 1094 1226 ὥστε

25 1275 58 1323 10
77 1265 226 1399 ἐνταῦθα
249 1268 413 1331 στύκιιιον
435 1263 534 1332 τεθὲν
557 1266 787 1350 ἐξαφθήσεται.

149 1465 172 1512 1
192 1464 220 1513 Κ
219 1395 272 1530 ,Λ]
292 1459 362 1527 πρὸς
376 1464 498 1513 τῶΑΠι.
562 1457 676 1531 γωνίας]
696 1458 799 1529 γωνίας
814 1459 875 1522 ίσας
889 1460 975 1522 οὔσας
990 1458 1092 1529 ὁμοίως

76 1532 125 1584 ἀλλ
127 1530 259 1598 ηλαιςιω.
316 1514 591 1669 ἐττλτηνΔἨοω
602 1549 638 1585 m.
711 1537 736 1584 2
757 1535 795 1599 Ν,
810 1533 851 1603 Η]
870 1532 940 1599 πρὸς
957 1536 1091 1602 τωΓιω

112 1600 174 1663 ἴσας
193 1601 346 1726 οὔσας]
308 1601 393 1663 οὔσας
407 1600 469 1664 ίσας
544 1600 695 1694 διάμετροι
707 1623 760 1672 γαρ
777 1603 829 1656 είσι
847 1611 936 1656 πᾶσαι
954 1621 991 1656 m
1066 1609 1090 1656 3.

77 1672 107 1727 ἐκ
121 1681 170 1726 τοῦ
185 1671 251 1744 γοίρ]
285 1694 301 1726 κ
316 1693 368 1742 γαρ
383 1681 433 1726 τοῦ
451 1673 488 1740 M
509 1672 558 1726 διὰ
576 1671 629 1742 γὰρ
647 1681 696 1727 τοῦ
716 1693 751 1728 m
826 1669 918 1744 οὖσαι]
939 1673 1035 1727 ἰοῦσαι
1052 1692 1088 1727 m.

112 1750 136 1796 4.
139 1744 504 1870 ἡμικύκλια]ἡμικίκλιον
523 1745 560 1798 Μ
617 1745 781 1799 ποιουσιΜ.
836 1754 891 1800 τῶν
905 1743 1090 1834 ἡμικυκλίων]

75 1820 113 1886 τῷ
131 1813 284 1888 ἡμικυκλίῳ
413 1812 524 1886 γωνίαι]
544 1812 644 1883 γωνίαι
662 1815 693 1869 αἱ
711 1816 857 1906 γινόμεναι
876 1817 946 1883 πρὸς
964 1825 1024 1878 τοῖς
1041 1814 1091 1870 πέ-

76 1904 140 1953 ρασι
163 1896 218 1940 τῶν
241 1872 396 1954 διαμέτρων
420 1886 468 1939 καὶ
490 1886 687 1956 περιεχόμεναι
709 1885 757 1941 ντί
780 1889 873 1942 αὐτῶν
896 1906 925 1941 τε
949 1897 1005 1942 τῶν
1029 1889 1091 1941 δια-

76 1955 182 2024 μέτρων
200 1958 249 2011 καλ
263 1979 318 2011 των
332 1967 516 2026 περιφερειων
535 1976 570 2011 m
645 1964 669 2011 5
690 1956 741 2011 εἰσί
760 1958 830 2012 Mm.
904 1956 1034 2028 γίνονται
1052 1959 1089 2025 Μ

76 2026 203 2097 γίνονται
221 2029 270 2082 καὶ
289 2027 337 2082 διὰ
355 2037 436 2082 τοῦτο
455 2048 490 2083 m.
583 2035 606 2082 6
632 2025 695 2100 οὖν]
715 2046 767 2082 om.
787 2048 823 2084 m
911 2035 935 2082 8
960 2004 1089 2100 ἀκτῖνας]

77 2100 164 2154 deleo.
235 2105 276 2154 10.
297 2101 446 2171 στίτιτιον]
465 2101 513 2153 καὶ
527 2119 633 2154 υττιον
652 2101 689 2168 M
710 2118 858 2169 suprascr
874 2119 910 2153 m
926 2107 957 2156 2:
977 2101 1090 2158 ςίυτιον.

111 2171 143 2223 In
161 2171 228 2225 fine:
253 2169 406 2225 Εὐκλείδου
425 2171 597 2239 κατοιιτρικα
617 2172 649 2240 V,
675 2169 750 2233 τέλος
769 2191 804 2225 m.
