2334 3788
103 133 169 198 25ss
242 128 245 132 “
535 134 693 186 scflomA

104 288 161 362 τῆς
181 283 220 342 Σ.
258 275 330 342 ἀλλ’
347 277 367 361 ἡ
386 282 420 340 Σ
440 286 479 362 τῇ
499 276 529 351 Ξ
550 276 639 343 ἐστιν
659 284 726 360 ἴση·
749 275 805 342 καῖ
827 277 847 360 ἡ
866 281 906 343 Ν
924 238 995 364 ἄρα.
1011 275 1121 360 τηςΞ

104 389 222 469 μείζων
245 384 343 449 ἐστίν.

174 511 224 574 16.
242 508 349 574 Ἔστω
370 514 424 573 ἴσα
443 509 647 593 διαστήματα
667 508 719 574 ἐπὶ
737 519 813 593 μιᾶς
832 509 966 584 εὐθείας
984 509 1025 572 τὰ
1039 513 1074 572 Α
1079 511 1117 591 Β,

105 619 177 699 ΒΓ,
198 619 267 699 ΓΛ,
290 613 344 680 καὶ
368 614 504 700 ὐνήχθω
528 626 567 702 τῇ
590 621 657 680 AA
678 617 761 701 πρὸς
783 616 889 702 ὀρθὰς
911 615 931 698 η
955 619 1037 698 ΑΕ,
1063 612 1116 698 ἐφ’

70 718 144 806 οῆς
171 726 295 787 κείσθω
324 720 413 806 ὄμμα
440 724 477 787 τὸ
503 727 541 787 Ε.
596 720 695 806 λέγω,
728 723 778 786 ὅτι
801 725 911 805 μεῖζον
934 723 1118 806 φανήσεται

106 831 143 894 τὸ
167 825 227 913 μὲν
250 834 316 894 ΑΒ
338 838 398 893 τοῦ
421 832 495 912 ΒΓ,
518 830 555 894 τὸ
579 827 616 893 δὲ
639 832 707 893 ΒΓ
723 838 783 893 τοῦ
807 832 876 893 ΓΔ.
917 824 1118 913 προσπιπτέ-

106 952 216 1000 τωσαν
243 936 306 1022 γὰρ
331 934 459 1011 ἀκτῖνες
486 937 524 1000 αί
544 940 623 1018 ΕΒ,
646 938 723 1020 ΕΓ,
746 940 828 1017 EA,
855 933 911 999 καὶ
937 936 1032 1017 ήχθω
1064 935 1119 998 διὰ

107 1051 167 1106 τοῦ
191 1046 219 1105 Β
243 1044 380 1126 σημείου
403 1051 442 1126 τῇ
467 1047 531 1108 ΓΕ
556 1042 672 1128 εὐθείᾳ
695 1041 903 1128 παράλληλος
924 1038 945 1123 ἡ
968 1045 1033 1104 ΒΖ
1063 1041 1118 1104 διὰ

107 1150 144 1213 τὸ
173 1149 329 1233 δεύτερον
356 1157 417 1212 τού
444 1146 549 1213 ἕκτου.
596 1150 713 1213 λοιπὸν
741 1150 832 1213 ἔσται
860 1153 913 1230 ἴση
940 1145 960 1230 ή
985 1152 1017 1211 Α
1024 1152 1052 1210 Ζ
1080 1155 1118 1231 τῇ

55 1270 89 1318 10
109 1258 179 1318 ZE.
217 1257 334 1338 μείζων
358 1251 394 1319 δὲ
416 1254 437 1337 ἡ
456 1259 519 1318 ΒΖ
542 1263 600 1339 της
620 1260 684 1319 ΖΑ
707 1255 763 1319 διὰ
786 1255 823 1319 τὸ
842 1256 973 1338 μείζονα
992 1254 1119 1335 γωνίαν

107 1360 306 1425 ὑποτείνειν·
340 1364 458 1444 μείζων
481 1363 545 1446 ἄρα
568 1359 703 1445 καὶτῆς
727 1365 797 1424 ΖΕ.
836 1363 953 1443 μείζων
976 1361 1066 1488 ἅμα
1064 1356 1120 1423 καὶ

108 1467 128 1550 η
154 1471 183 1530 Θ
205 1469 310 1547 γωνία
333 1475 390 1550 της
412 1470 452 1531 K.
495 1467 578 1531 ἀλλὰ
600 1491 639 1552 τη
663 1471 697 1531 Κ
718 1473 771 1550 ἴση
794 1464 850 1636 ήΛ
839 1469 870 1530 Λ
892 1467 948 1530 δια
970 1466 1008 1529 τὸ
1033 1460 1120 1531 εἶναι

109 1569 259 1650 ἐναλλάξ·
292 1574 462 1656 μείζων”
441 1597 505 1659 αμα
536 1573 556 1656 ἡ
588 1577 616 1637 Θ
647 1571 702 1637 καῖ
733 1575 858 1657 τήςΛ.
912 1573 1070 1656 μείζον’
1057 1574 1121 1657 ἄρα

109 1677 294 1762 ὀφθήσεται
317 1679 354 1742 τὸ
374 1683 439 1742 ΑΒ
463 1687 522 1744 τοῦ
541 1682 612 1743 ΒΓ.
650 1677 771 1763 ὁμοίως
795 1680 851 1742 διὰ
873 1687 933 1742 τοῦ
956 1681 988 1742 Γ
1006 1676 1121 1762 ἀχθεί-

57 1800 90 1848 15
110 1799 169 1866 σης
191 1785 403 1869 παραλλήλου
427 1795 466 1870 τῇ
491 1790 559 1849 ΔΕ
580 1795 638 1868 τῆς
662 1789 733 1850 ΓΗ
751 1786 960 1869 δειχθήσεται
984 1785 1021 1849 τὸ
1048 1787 1121 1867 ΒΓ,

109 1890 160 1953 ὅτι
183 1895 293 1973 μειῖον
316 1892 497 1975 φανήσεται
521 1901 580 1956 τοῦ
605 1895 675 1956 ΓΛ.

179 2016 228 2078 17.
261 2016 330 2079 Διὰ
348 2017 385 2080 τὸ
404 2016 465 2099 τήν
485 2018 554 2079 ΛΓ
571 2015 757 2080 ὑποτείνειν
775 2012 830 2079 καῖ
848 2016 908 2098 τήν
927 2020 972 2078 Μ
987 2018 1123 2099 μείζονα

111 2116 215 2185 οὖσαν
247 2119 302 2185 καὶ
334 2131 391 2206 της
419 2126 490 2186 ΛΚ
519 2132 576 2206 τῆς
603 2122 840 2204 ὑποτεινούσης
866 2123 926 2205 τήν
955 2125 998 2205 0,
1033 2122 1055 2204 ἡ
1088 2119 1124 2186 δὲ

110 2229 228 2310 μείζων
250 2230 375 2314 πλευρὰ
398 2229 459 2312 τήν
482 2232 613 2312 μείζονα
636 2231 761 2310 γωνίαν
783 2228 956 2293 ὑποτείνει.
1042 2236 1045 2241 ’

57 2347 92 2396 20
177 2332 197 2414 ἡ
222 2329 258 2397 δὲ
281 2335 328 2410 εἴς
350 2336 407 2411 τὰς
429 2337 660 2420 παραλλήλους
683 2334 815 2410 εὐθείας
839 2333 1044 2418 ἐμπίπτουσα
1066 2335 1125 2411 τὰς

112 2437 249 2516 ἐναλλὰξ
272 2443 395 2521 μανίας
419 2447 491 2516 ἴσας
515 2440 671 2523 ἀλλήλαις
693 2452 788 2504 ποιεί.

495 2652 547 2719 Ad
569 2675 660 2736 prop.
684 2650 738 2717 VI.

182 2778 230 2840 18.
265 2775 417 2852 Καθετος
440 2778 503 2863 ἄρα
528 2776 616 2842 ἐστίν
639 2779 763 2860 p.162,
787 2777 889 2860 3-4]
912 2787 982 2853 πῶς
1005 2777 1025 2860 ἡ
1046 2781 1126 2842 ΚΜ

112 2883 252 2958 κάθετός
276 2882 365 2947 ἐστιν
389 2881 441 2948 ἐπὶ
464 2885 525 2967 τήν
543 2888 629 2967 ΜΛ,
653 2882 801 2968 δείξομεν
824 2884 941 2959 οὕτως·
966 2882 1036 2949 ἐπεὶ
1059 2884 1122 2949 ἀπὸ

186 3080 227 3129 16.
251 3075 281 3127 v¹
304 3073 334 3127 in
352 3093 406 3144 mg.
428 3093 487 3143 sup.
508 3075 555 3143 (ad
578 3075 669 3144 ipsam
692 3093 770 3144 prop.
789 3082 806 3129 4
830 3075 893 3130 add.
919 3073 998 3144 ἑτέρα
1021 3078 1123 3130 τούτου

114 3146 173 3201 ἄνω
187 3145 351 3216 ἀπόδειξις);
372 3149 414 3200 est
433 3149 488 3215 opt.
505 3148 560 3200 σοι.
576 3163 653 3215 prop.
667 3147 713 3201 IV.
770 3152 811 3200 17.
831 3165 850 3214 q
868 3147 915 3215 (ad
930 3147 1015 3201 schol.
1031 3165 1073 3202 nr.
1090 3152 1123 3201 15

114 3236 140 3287 p.
157 3222 216 3286 255,
231 3222 265 3270 20
280 3220 309 3270 et
323 3221 374 3287 21).
431 3224 472 3271 18.
491 3217 528 3285 R,
548 3234 566 3284 q
585 3217 631 3271 fol.
651 3223 698 3272 109
719 3218 793 3286 (add.
813 3217 885 3286 ζήτει
904 3217 934 3272 ἐν
952 3223 991 3290 τῷ
1010 3219 1035 3283 ζ’
1052 3223 1125 3273 θεω-

115 3288 225 3358 ρήματι)
245 3288 395 3358 (M1Arsu,
414 3288 478 3342 vat.
498 3306 533 3342 m.
554 3291 587 3356 2).

183 3490 225 3539 24.
244 3484 315 3539 Post
333 3480 394 3538 ἐπεί
412 3482 476 3538 add.
496 3479 521 3537 ου
535 3479 607 3554 (οὖν)
625 3483 657 3536 Β.
