2334 3788
440 128 612 180 aucurnrs
630 127 770 180 eruci.
1067 123 1111 189 25

97 277 290 357 apparetur
308 272 540 358 magnitudine.
572 275 836 336 transmoueatur
851 272 962 336 oculus
975 271 1110 356 propius

98 383 132 443 et
155 379 198 444 sit
221 380 243 465 e',
266 400 367 464 aquo
388 378 513 444 aecidat
536 377 645 442 radius
664 379 695 442 tt
715 399 772 460 per
792 398 821 459 p.
859 376 1012 460 quoniam
1031 398 1110 463 erge

99 486 160 550 sub
185 487 280 551 ocule
304 491 337 550 et
359 487 392 549 e't
416 485 506 549 radio
531 488 666 569 apparet
688 484 736 569 tb,
768 505 845 569 ergo
869 483 911 546 ab
940 505 992 567 ec,
1024 485 1111 568 quod

97 596 150 656 est
169 594 230 677 qd,
256 592 360 657 maius
385 590 555 676 apparebit
578 612 630 676 eo,
658 592 745 676 quod
768 594 818 654 est
840 596 885 654 at
930 590 1037 654 uisum
1061 595 1111 655 est

98 702 208 763 autem
232 699 291 763 sub
317 719 355 764 ea
377 718 433 783 aa,
460 698 564 764 maius
589 703 699 763 autem
721 703 760 762 at
786 719 884 780 quam
906 716 957 761 aa.
1001 696 1111 780 itaque
1149 705 1164 754 ὁ

97 805 269 869 accedente
298 804 427 890 quidem
456 804 549 868 oculo
577 803 694 868 maiori
719 803 824 867 maius
847 807 981 887 apparet
1004 826 1112 887 super-

98 933 268 996 apparens,
290 912 482 976 abscedente
505 932 583 975 uere
607 910 722 976 minus.

167 1105 381 1188 Quaecunque
406 1105 605 1169 alternorum
629 1127 662 1169 se
686 1109 840 1189 superant
863 1127 960 1188 super
983 1105 1112 1169 oculum

98 1211 286 1295 inaequales
310 1211 564 1297 magnitudines,
590 1211 761 1276 accedente
785 1210 914 1295 quidem
938 1212 1031 1276 oculo
1056 1211 1113 1275 mi-

98 1319 174 1383 nori
206 1319 313 1383 minus
342 1322 476 1401 apparet
509 1339 778 1402 superapparens,
811 1319 1002 1382 abscedente
1034 1330 1166 1382 uer010

100 1425 216 1489 maius.
840 1498 841 1502 η

168 1531 234 1595 sint
258 1531 388 1616 quidem
405 1530 591 1615 inaequales
612 1531 810 1614 quantitates
829 1532 881 1613 ab,
897 1533 953 1615 pd,
976 1553 1112 1614 quarum

99 1637 205 1702 maior
228 1638 284 1722 ab,
307 1641 340 1702 et
364 1639 476 1702 oculus
500 1659 524 1721 e,
547 1659 566 1700 a
590 1658 653 1719 quo
678 1637 803 1701 aecidat
825 1636 934 1701 radius
954 1657 992 1702 ea
1009 1659 1111 1722 perp.

100 1743 254 1827 quoniam
273 1764 351 1828 ergo
371 1743 431 1807 sub
450 1762 488 1808 aa
505 1741 596 1807 radio
616 1742 802 1806 continetur
814 1742 853 1807 ab
872 1747 905 1806 et
920 1743 969 1824 pd
990 1743 1113 1828 magni-

100 1852 195 1935 tudo,
220 1850 263 1914 ab
287 1871 365 1935 ergo
390 1849 555 1932 quantitas
579 1848 761 1931 quantitate
782 1850 830 1930 φά
850 1847 956 1912 maior
979 1853 1113 1933 apparet
1132 1860 1166 1910 16

100 1978 152 2040 eo,
184 1956 270 2039 quod
298 1959 348 2020 est
376 1976 426 2020 ar.
473 1954 657 2019 attrahatur
684 1958 793 2018 autem
821 1953 933 2018 oculus
960 1955 1051 2038 prius
1080 1959 1112 2018 et

101 2063 145 2127 sit
167 2064 193 2145 r',
221 2085 240 2125 a
264 2084 328 2145 quo
356 2061 481 2127 accidat
508 2061 618 2125 radius
641 2062 672 2124 εἰ
696 2082 755 2144 per
779 2081 807 2142 p.
855 2060 1008 2143 quoniam
1035 2081 1112 2145 ergo

102 2170 164 2233 sub
186 2171 218 2233 r't
242 2168 333 2232 radio
356 2168 606 2252 deprehenditur
624 2167 660 2231 bt
685 2171 718 2230 et
738 2168 798 2252 μά,
826 2167 886 2230 sub
910 2187 946 2233 ea
973 2188 1050 2231 uere
1073 2167 1113 2232 ab

101 2280 135 2340 et
160 2277 218 2359 pd,
251 2278 301 2340 est
329 2279 438 2339 autem
464 2294 508 2339 aa
535 2273 700 2358 quantitas
728 2273 909 2356 quantitate
937 2279 976 2338 at
1001 2274 1113 2357 maior,

175 2544 198 2592 5.
218 2554 251 2593 ez
272 2570 301 2577 -
323 2538 372 2608 at]
391 2538 423 2591 ia
441 2554 496 2592 ras.
515 2555 549 2591 m.
569 2541 584 2589 1
605 2537 642 2590 D.
674 2563 675 2566 =
717 2541 757 2590 16.
776 2535 866 2607 prius]
885 2553 935 2591 scr.
953 2536 1077 2606 propius.

954 2711 1114 2718 —..

102 2844 128 2893 5.
145 2836 279 2910 ἐβλέπετω
293 2857 319 2893 v.
394 2845 418 2893 6.
437 2839 487 2910 τῷ]
501 2837 532 2892 τό
546 2838 638 2892 BVat.
645 2855 670 2892 v.
744 2839 848 2909 μεῖζον]
865 2854 918 2891 orn.
930 2837 1113 2893 VBVatva

103 2907 136 2964 δε
147 2909 206 2978 (alt
201 2911 247 3034 >ss
250 2927 302 2964 om
318 2927 354 2964 m.
411 2916 434 2963 7.
453 2918 503 2963 τοῦ
518 2909 651 2980 ὄμματος]
673 2925 756 2976 supra
771 2925 821 2962 scr.
836 2928 872 2963 m.
888 2908 954 2962 2B.
1009 2907 1115 2977 μείζονι

103 2983 198 3050 μεῖζον
316 2986 340 3034 8
360 2977 477 3052 pretore]
497 2997 549 3034 cm.
565 2980 619 3048 Bv,
639 2998 674 3033 m.
690 2979 784 3034 ava.
856 2979 970 3034 ἔλαττον
988 2980 1080 3034 BVat.
1087 2998 1113 3048 u,

102 3068 172 3106 corr
191 3070 228 3105 m.
243 3052 343 3106 auat.
417 3061 441 3106 9
462 3049 648 3120 φαίνεται-
667 3051 771 3122 μεῖζον]
791 3068 843 3105 om.
859 3051 947 3119 Bmv,
966 3069 1002 3104 m.
1018 3051 1114 3104 avar.

48 3141 50 3145 ·
139 3129 181 3177 10
202 3122 254 3194 ις’]
274 3122 310 3187 ιζ
326 3123 406 3177 codd.
464 3129 505 3176 11
525 3119 633 3193 ἐπάνω]
653 3139 737 3190 supra
756 3139 805 3176 scr.
821 3122 853 3176 V.
913 3095 954 3178 12'
974 3120 1113 3194 ἐλάσσονι]

101 3211 187 3263 supra
202 3210 253 3248 ser.
268 3213 303 3247 m.
323 3194 392 3248 2V.
448 3198 489 3248 13.
509 3192 540 3247 τὸ
555 3192 801 3261 ὑπερφαινόμενον
816 3191 949 3262 φαίνεται
966 3211 1002 3246 m.
1057 3190 1115 3260 μεί·

103 3264 225 3336 Kovr]1n
243 3282 296 3319 ras
317 3266 350 3319 V.
439 3270 480 3318 14.
499 3263 584 3317 τό-
603 3269 644 3318 15.
650 3263 752 3354 ὄμμα]
773 3262 839 3318 ἔστω
857 3263 888 3318 τὸ
907 3268 970 3330 AB,
989 3263 1063 3355 ὄμμα
1083 3261 1115 3317 δέ

102 3336 183 3390 Vat¹
188 3354 224 3390 m.
312 3341 354 3390 14
373 3340 423 3389 AB
438 3335 520 3407 (alt)]
539 3341 589 3389 AB
608 3356 656 3389 aar
650 3333 770 3389 'MVatv
853 3341 894 3388 16.
913 3305 1011 3404 irad]
998 3331 1068 3402 υπέρ
1088 3353 1113 3389 v.

140 3411 182 3461 18.
209 3406 391 3494 ZB]inras,
410 3406 443 3461 V.
535 3412 576 3460 19.
600 3404 714 3472 τὰΒΖ,
734 3405 941 3475 ΓΔόίρ.α]οΠ1
961 3423 997 3457 m
1071 3411 1115 3458 23

105 3479 158 3551 τῷ]
176 3477 208 3532 τό
227 3496 253 3534 v.
326 3475 432 3548 μεγέθη
451 3495 476 3533 v,
550 3482 593 3534 24.
613 3476 664 3552 dd]
682 3448 714 3533 bd
729 3477 834 3533 Vatu.
904 3474 1049 3530 ‘bituric
1065 3491 1101 3525 u
