2334 3788
471 149 702 200 CATOPTRIOA.
1022 144 1090 210 305

82 290 167 353 siout
188 289 224 354 in
246 289 384 374 speculis
403 290 508 376 planis
529 290 754 376 conuexisque,
777 295 811 354 K
829 290 863 354 in
882 295 926 354 M
944 291 1088 377 adparet,

81 400 121 461 N
143 399 251 459 autern
276 397 312 460 in
339 401 379 462 A.
432 419 528 483 quare
556 419 684 462 sursum
712 399 861 462 deorsum
887 419 1000 462 uersae
1029 398 1083 463 ad-

78 2043 201 2125 parent.
238 2059 349 2101 rursus
367 2035 403 2099 in
421 2034 592 2099 altitudine
611 2039 701 2099 extra
717 2058 908 2103 concursum
926 2040 1034 2123 posita
1048 2048 1081 2106 A

78 2146 114 2208 in
136 2148 175 2208 H
194 2146 340 2229 adparet,
366 2147 398 2207 E
423 2145 531 2206 eutem
557 2141 593 2205 in
618 2145 658 2226 θὶς
691 2164 802 2228 quare,
829 2145 913 2209 siout
940 2151 1002 2230 est,
1032 2148 1083 2214 ita

79 2252 221 2336 adparet.

144 2417 256 2459 rursus
275 2392 478 2479 profunditas
499 2392 542 2455 sit
555 2397 625 2456 ΔΕ
640 2396 673 2456 et
687 2396 764 2475 ΚΘ,
788 2394 952 2477 speculum
972 2400 1082 2462 autem

78 2523 255 2567 concauum
278 2506 311 2564 A
317 2502 357 2584 Γ,
386 2498 497 2563 oculus
526 2502 634 2562 autem
657 2504 698 2590 B,
727 2503 759 2564 et
786 2499 867 2564 radii
894 2501 1025 2568 refracti
1048 2509 1082 2569 et

78 2608 113 2671 in
137 2612 164 2671 Z
192 2610 427 2672 concurrentes.
474 2605 584 2688 itaque
612 2604 710 2669 radiis
737 2606 903 2689 productis
932 2608 1082 2675 similiter

79 2716 199 2795 puncta
222 2715 268 2796 K,
288 2716 317 2775 Θ
344 2734 472 2775 sursum
500 2712 651 2775 deorsum
677 2734 772 2776 uersa
798 2713 966 2798 adparent,
994 2719 1028 2778 K
1047 2715 1083 2779 in

79 2820 115 2901 Γ,
134 2822 162 2881 Θ
180 2821 289 2881 autem
307 2817 342 2879 in
361 2822 403 2901 A,
421 2816 557 2880 sioutin
576 2818 713 2900 speculis
731 2817 837 2901 planis
856 2820 1083 2906 eonuexisque,

76 2930 123 3008 A,
146 2927 178 2986 Ε
202 2944 293 3003 uero,
326 2921 410 2987 sieut
439 2926 527 3006 sunt,
559 2927 590 2986 E
615 2924 748 2988 inferius
775 2925 811 2987 in
838 2930 882 3009 A,
907 2931 940 2989 A
972 2930 1082 2991 autem

76 3029 223 3113 superius
246 3029 279 3092 in
305 3031 339 3093 Γ.

555 3206 604 3269 12.

142 3345 375 3432 Longitudines
405 3344 556 3432 obliquae
581 3345 622 3411 in
647 3347 795 3433 speout'is
817 3348 1002 3419 nonnanis,
1021 3361 1116 3416 epse

63 3453 152 3515 intra
172 3475 368 3521 coneursum
388 3456 567 3524 radiorum
582 3455 725 3544 positae
745 3457 847 3535 sunt,
862 3448 962 3510 sieut
976 3432 1142 3507 eumad*

101 3580 259 3639 Euclides,
276 3591 329 3632 edd.
341 3592 459 3648 Heiberg
477 3599 501 3638 et
515 3597 624 3648 Menge.
647 3591 713 3634 m·
964 3560 1010 3605 Ἦ
