2334 3788
66 127 132 192 216
276 129 488 182 οενιοοωοιι
504 129 683 182 memo
702 127 867 180 THEONIS.

540 306 603 392 λη’.

131 428 208 496 Ἐὰν
230 429 371 515 μέγεθός
387 456 420 497 τι
443 422 526 518 πρὸς
548 432 654 518 ὀρθὰς
676 427 698 518 ᾖ
720 441 765 520 τῳ
786 428 991 518 ὑποκειμένῳ
1011 429 1085 496 ε’πι-

67 536 154 625 πέδῳ
178 536 359 625 μετέωρον,
387 546 469 626 τεθῇ
493 537 530 604 δὲ
552 541 590 605 τὸ
614 541 701 623 ὄμμα
729 538 786 603 έπί
805 562 838 603 τι
861 549 997 622 σημεῖον
1019 546 1084 602 τοῦ

68 643 235 728 ἐπιπέδου,
253 643 308 709 καί
327 653 522 730 μεθιστῆται
540 647 577 710 τὸ
592 646 761 733 δρώμενον
780 644 833 710 έπὶ
850 645 974 709 κύκλου
989 666 1084 729 περι-

33 754 212 837 οφερείας,
236 757 310 816 ίσον
333 750 442 818 ἀεὶτὸ
467 752 636 839 ὁρώμενον
659 751 853 835 ὀφθήσεται.

39 851 74 896 ”⁵³
135 860 217 922 ἔστω
249 857 419 944 ὁρώμενόν
445 882 478 923 τι
509 857 649 944 μέγεθος
675 860 712 924 τὸ
741 862 807 923 ΑΒ
839 844 1084 941 μετεωρότερον

10 995 15 1004 =
69 973 129 1028 τοῦ
153 963 323 1049 ἐπιπέδου,
351 969 439 1050 ὄμμα
466 961 503 1030 δὲ
531 969 612 1048 ἔστω
640 966 678 1030 τὸ
703 969 744 1048 Γ,
772 963 828 1030 καί
851 963 1035 1047 ἐπεζεύχθω
1062 962 1081 1045 ή

69 1073 146 1154 ΓΒ,
168 1069 224 1135 καί
247 1069 371 1158 κέντρῳ
394 1080 440 1157 τῷ
465 1074 506 1155 Γ,
529 1072 724 1155 διαστήματι
747 1067 783 1134 δέ
805 1080 851 1159 τῷ
875 1073 937 1133 ΓΒ
960 1070 1083 1145 κύκλος

69 1177 250 1263 γεγράφθω
274 1177 292 1242 δ
316 1181 387 1243 ΒΔ.
429 1175 527 1261 λέγω,
551 1178 611 1261 ὄτι,
635 1177 693 1242 ἐὰν
717 1175 769 1241 ἐπί
792 1186 850 1259 τῆς
872 1185 931 1240 τοῦ
954 1176 1082 1240 κύκλου

17 1295 51 1343 10
71 1287 281 1369 περιφερείας
308 1291 501 1367 μεθιστήται
529 1284 565 1347 τὸ
590 1288 671 1366 ΑΒ,
699 1282 763 1348 ἀπὸ
791 1291 851 1347 τοῦ
879 1286 912 1346 Γ
936 1284 1082 1366 ὄμματος

71 1394 145 1454 ίσον
169 1387 219 1453 ἀεί
242 1390 436 1472 ὀφθήσεται.
483 1387 550 1454 ἐπεὶ
574 1391 637 1475 γδιρ
661 1389 681 1472 ή
705 1394 772 1454 ΑΒ
801 1387 890 1453 ἐστιν
913 1388 1001 1474 ὀρθὴ
1025 1386 1081 1452 καί

70 1506 161 1560 ποιεί
180 1496 263 1580 πρὸς
285 1497 346 1579 τήν
370 1499 436 1559 ΒΓ
455 1495 563 1582 ὀρθήν
586 1499 722 1579 γωνίαν,
745 1505 847 1559 πᾶσαι
870 1496 933 1580 ἄρα
957 1495 995 1558 αί
1015 1493 1080 1558 ἀπὸ

69 1610 130 1665 τοῦ
144 1599 282 1687 κέντρου
297 1609 357 1664 τοῦ
373 1603 405 1664 Γ
420 1601 502 1686 πρὸς
519 1601 556 1664 τὸ
571 1607 603 1665 Α
609 1605 638 1664 Β
656 1601 797 1684 μέγεθος
815 1602 1081 1686 προσπίπτουσαι

71 1707 227 1790 ἀλλήλαις
246 1713 318 1782 ίσας
337 1710 460 1789 γωνίας
477 1716 641 1771 ποιοῦσιν.
679 1713 753 1772 ίσον
771 1707 835 1792 ἄρα
853 1707 890 1770 τὸ
910 1705 1082 1792 ὁρώμενον

19 1827 51 1874 15
71 1814 265 1900 ὀφθήσεται.
303 1813 424 1897 ὁμοίως
447 1809 484 1877 δέ
506 1812 569 1878 κᾶν
592 1813 655 1877 ἀπὸ
679 1822 738 1877 τοῦ
754 1816 787 1876 Γ
803 1812 943 1898 κέντρου
961 1810 1081 1896 μετέω-

70 1944 128 2006 ρος
159 1921 247 2005 ἀχθή
276 1920 406 2003 εὐθεῖα,
438 1917 493 1983 καί
521 1917 572 1984 ἐπ’
598 1920 698 2003 αύτής
729 1920 766 1983 τὸ
797 1922 884 2003 ὄμμα
911 1926 994 2004 τεθή
1027 1916 1081 1983 ἐπὶ

70 2028 282 2113 παραλλήλου
307 2026 346 2091 δν
369 2036 414 2114 τῷ
440 2025 594 2114 ὁρωμένῳ
618 2025 765 2110 μεγέθει,
791 2024 847 2089 καὶ
870 2034 1082 2108 μετακινήται

70 2134 107 2197 τὸ
131 2131 286 2216 μέγεθος,
311 2139 385 2197 ίσον
409 2131 517 2197 ἀεὶτὸ
542 2133 711 2219 ὁρώμενον
734 2135 895 2217 φαίνεται.

541 2325 609 2391 W.

18 2444 53 2493 νο
135 2429 212 2496 Ἐὰν
234 2429 271 2496 δὲ
293 2434 330 2496 τὸ
350 2431 519 2517 ὁρώμενον
541 2434 624 2517 πρὸς
642 2433 748 2516 ὀρθὰς
771 2427 855 2519 ήτῳ
875 2430 1080 2519 ὑποκειμένῳ

74 2536 229 2625 ἐπιπέδῳ,
266 2545 461 2622 μεθιστήται
494 2535 530 2602 δέ
562 2539 599 2602 τὸ
631 2540 717 2622 ὄμμα
750 2537 802 2603 ἐπί
833 2538 958 2603 κύκλου
989 2559 1081 2624 περι-

73 2647 219 2730 φερείας,
244 2650 317 2708 ίσον
340 2643 390 2708 ἀεί
413 2646 450 2709 τὸ
474 2644 644 2731 δρώμενον
667 2648 857 2729 φανήσεται.

139 2752 220 2815 έστω
245 2751 414 2836 ὁρώμενον
437 2748 497 2836 μὲν
520 2753 556 2816 τὸ
579 2756 646 2816 ΑΒ
671 2750 835 2836 μετέωρον
859 2751 898 2816 ὄν
919 2748 975 2814 καί
998 2753 1083 2837 πρὸς

145 2978 493 3050 1.λή’]μβ’]ίν,μγ’μ.
567 2983 591 3032 3.
611 2978 653 3070 τό]
673 2984 710 3050 τῷ
728 2996 753 3032 v.
822 2983 968 3032 τοῦ-4.
989 2997 1067 3046 περι-

73 3047 170 3103 dimid.
187 3065 256 3104 eras.
271 3050 303 3103 V.
376 3056 400 3102 4.
421 3050 488 3103 Post
506 3069 686 3118 περιφερειας
705 3050 768 3104 add.
789 3047 905 3116 κέντρον
923 3049 1035 3119 ἔχοντος
1049 3070 1065 3102 τ

74 3118 148 3188 ὄμμα
166 3140 193 3191 p.
249 3127 272 3175 6.
291 3121 493 3208 μετεορώτερον
507 3122 540 3189 V,
561 3118 697 3189 μετέωρον
715 3139 746 3188 μς
766 3122 971 3189 μετεωρώτερον
986 3138 1012 3189 v,
1032 3121 1082 3174 sed

74 3207 142 3245 corr.
222 3197 246 3248 8.
266 3194 380 3264 κεντρῳ]
401 3209 488 3260 comp.
508 3193 563 3245 Vv.
642 3197 683 3245 10.
704 3189 894 3263 περιφερείας]
915 3208 1003 3258 comp.
1023 3191 1080 3245 Vv.

110 3268 151 3316 12.
170 3262 233 3333 τήν]
254 3279 306 3316 om.
326 3280 351 3316 v.
408 3269 449 3316 13.
468 3260 596 3333 κέντρου]
615 3262 645 3315 in
664 3279 717 3315 ras.
736 3281 771 3316 m.
787 3279 840 3316 ree.
855 3263 888 3315 V.
946 3268 987 3315 16.
1007 3262 1081 3315 Ante

73 3332 151 3404 ἀχθῇ
169 3339 252 3387 ram
272 3333 327 3387 litt.
342 3334 375 3388 V.
432 3331 492 3404 ἐπί]
512 3350 595 3402 supra
615 3350 665 3386 scr.
684 3351 720 3386 m.
741 3340 755 3385 1
775 3352 801 3401 p.
865 3339 905 3387 17.
926 3331 1033 3402 μεγέθη
1053 3351 1079 3402 v,

73 3403 123 3456 sed
142 3420 210 3458 corr.
297 3412 492 3473 μετακεινήται
510 3404 543 3471 V,
568 3405 617 3457 sed
636 3421 718 3472 corn,
745 3413 932 3472 μετακινεῑται
951 3423 981 3473 v,
1006 3407 1035 3457 et
1053 3422 1080 3473 p,

72 3473 123 3526 sed
143 3490 210 3528 corr.
298 3480 339 3528 19.
363 3475 426 3546 λθ]
446 3474 493 3544 μγ’
509 3474 565 3544 Vv,
585 3476 632 3543 μδ
647 3492 675 3543 p.
761 3481 802 3529 21.
828 3473 961 3548 ἐπιπέδῳ]
982 3491 1034 3529 om.
1054 3494 1080 3530 ν.
