2334 3788
86 135 149 198 188
294 136 505 190 OPTIOORUM
522 132 700 188 REOENSIO
719 133 885 187 THEONIS.

83 277 304 365 ἡχθωσανδλ
326 279 390 345 άπὸ
414 291 481 344 τῶν
504 284 543 363 Β,
564 282 596 343 Γ
612 278 769 363 ὀμμάτων
790 275 870 342 καθ’
890 277 927 340 ἓν
950 275 1095 359 ἐφαπτό-

83 411 179 472 μεναι
202 389 239 453 αί
260 392 337 471 ΒΖ,
357 391 428 452 ΓΝ
450 385 507 451 καὶ
533 383 806 470 συμπιπτέτωσαν
829 383 984 498 ἀλλήλαις
1011 383 1096 446 κατὰ

84 496 173 560 τὸΘ·
184 503 429 578 συμπεσουνται
437 494 511 578 γαρ,
788 537 817 588 Θ

64 602 299 687 (ξ’πειδὴπερ
286 604 399 666 άνισοί
427 602 512 665 εἰσιν

49 710 105 792 σὴ
137 732 171 774 τε
204 713 270 774 ΓΒ
308 706 363 773 καλ
401 707 422 791 ἡ
454 716 512 790 τὴς

84 820 231 902 σφαίρας
240 815 424 901 διάμετρος.
439 814 512 880 οὐκ·

84 932 147 988 οῦν
174 923 212 987 αί
232 920 295 986 άπὸ
319 930 379 987 τοῦ
405 925 433 986 Θ
459 938 512 1004 ση-

106 1030 201 1112 μείου
222 1031 490 1113 προσπίπτουσαι

84 1135 168 1219 πρὸς
184 1136 245 1218 τὴυ
259 1144 407 1219 σφαῖραν
421 1137 512 1198 ἔλατ·
630 1120 972 1333 zv

33 1252 143 1304 1οτου
175 1239 395 1371 ἡμισφαιρίου
425 1261 513 1326 περι·
562 1184 845 1491 st—-K
832 1157 1038 1343 Δ,

84 1347 259 1428 λήψονται·
275 1348 312 1412 τὸ
327 1348 392 1433 άρα
405 1352 517 1413 ΖΗΝ

107 1451 290 1535 ἔλασσονὴ
270 1451 490 1583 ἡμισφμιρίου

85 1556 184 1623 ἐστίν.
217 1559 299 1623 ὥστε
314 1559 351 1622 τὸ
366 1558 431 1623 ὑπὸ
446 1570 513 1623 τῶν

85 1668 129 1748 Β,
155 1667 188 1728 Γ
209 1663 365 1749 ὀμμάτων
393 1664 513 1751 δρώμε-

34 1786 67 1833 15
85 1794 147 1836 νου
171 1773 312 1836 ἔλασσον
335 1770 377 1836 άν
401 1777 451 1855 είὴ
475 1771 704 1859 ἡμισφαιρίου.

561 1993 625 2051 κὴ.

151 2092 345 2176 Κυλίνδρου
369 2092 524 2156 ὁπωσοῦν
547 2091 716 2178 ὁρωμένου
739 2092 804 2157 ὑπὸ
823 2102 882 2157 τοῦ
902 2090 975 2168 ἑνὸς
993 2093 1096 2176 ὄμμα-

85 2218 141 2271 τος
164 2199 299 2261 ἔλαττον
321 2196 562 2284 ἡμικυλίνδρου
586 2199 779 2283 ὀφθήσεται.

152 2304 233 2367 ἔστω
262 2304 325 2387 γάρ
353 2306 535 2390 κυλίνδρου
567 2313 626 2369 τοῦ
653 2303 729 2391 περὶ
756 2307 817 2389 τὴν
844 2304 944 2388 βάσιν
970 2305 1096 2368 κύκλου

32 2421 66 2470 20
84 2404 223 2492 κεύτρον
245 2409 282 2472 τὸ
299 2411 341 2490 Κ,
364 2406 419 2472 καλ
438 2407 501 2473 άπὸ
520 2418 580 2473 τοῦ
598 2415 638 2474 Ν
656 2412 800 2494 ὄμματος
817 2412 912 2494 ἡχθω
931 2408 985 2474 ε’πλ
1007 2411 1045 2474 τὸ
1063 2413 1099 2474 K

84 2511 104 2595 ἡ
123 2517 205 2596 ΝΚ,
227 2512 282 2578 καλ
305 2515 362 2578 διά
385 2522 444 2578 τοῦ
468 2518 504 2579 Κ
521 2517 605 2600 πρὸς
627 2516 734 2602 ὀρθάς
756 2518 839 2602 αὐτῇ
862 2518 956 2601 ἡχθω
979 2515 999 2599 ἡ
1023 2519 1096 2599 ΒΓ,

84 2616 160 2704 περὶ
183 2615 221 2683 δὲ
242 2621 304 2703 τὴν
321 2623 397 2684 ΚΝ
415 2621 536 2697 κύκλος
557 2622 750 2708 γεγράφθω,
772 2621 828 2687 καὶ
847 2623 1097 2706 ἐπεζεύχθωσαν

85 2727 122 2790 αί
142 2730 226 2809 ΝΖ,
250 2729 329 2809 ΖΚ,
352 2730 434 2810 ΝΛ,
457 2731 536 2792 ΔΚ.
582 2728 706 2793 οὐκοῦν
733 2727 835 2815 ὀρθαὶ
863 2730 900 2793 αί
921 2730 1005 2815 πρὸς
1027 2741 1098 2805 τοῖς

86 2836 124 2915 Ζ,
137 2837 183 2896 Λ·
206 2831 285 2897 καθ’
306 2834 343 2898 ἓν
366 2835 430 2919 άρα
453 2835 655 2919 ἐφάπτονται
678 2837 715 2900 αί
732 2840 809 2919 ΖΝ,
827 2841 905 2919 ΝΛ,
926 2833 983 2900 καὶ
1006 2836 1044 2899 αἵ
1060 2859 1098 2918 χε

32 2953 66 3002 25
86 2937 149 3003 άπὸ
175 2947 235 3003 τοῦ
253 2943 293 3004 Ν
311 2943 455 3024 ὄμματος
478 2944 657 3028 φερόμεναι
680 2941 809 3018 άκτίυες
831 2943 913 3006 κατά
936 2942 994 3018 τάς
1016 2947 1097 3025 ΝΖ,

84 3050 154 3110 ΝΔ
171 3055 363 3112 πεσοῦνται·
388 3049 471 3113 ὥστε
489 3049 526 3113 τὸ
543 3053 645 3113 ΖΛΛ
662 3052 767 3132 μόνον
785 3047 980 3132 ὀφθήσεται.
1013 3048 1098 3113 ἀλλά

85 3153 122 3217 τὸ
148 3156 241 3216 ΖΛΔ
268 3156 403 3218 ἔλαττόν
431 3153 498 3219 ἐστι
525 3163 585 3220 τοῦ
610 3158 702 3219 ΓΑΒ
730 3155 940 3239 ἡμικυκλίου·
972 3156 1009 3219 τὸ
1033 3157 1098 3241 άρα

87 3263 180 3323 ΖΛΔ
194 3262 335 3325 ἔλασσον
348 3261 544 3346 ἡμικυκλίου
559 3260 754 3345 ὀφθήσεται,
768 3258 938 3326 τουτέστιν
953 3261 970 3327 ὁ
985 3262 1098 3326 κύλιν-

156 3423 181 3470 4.
202 3417 400 3486 ἐπειδήπερ-
416 3423 440 3473 6.
460 3415 618 3506 διάμετρος]
638 3420 705 3473 mut.
725 3436 761 3472 m.
779 3435 833 3473 rec.
853 3417 883 3470 in
902 3418 999 3487 ἐπειδὴ
1019 3417 1098 3472 ἐλάσ-

84 3504 142 3542 σων
159 3486 268 3542 ἐστὶν
253 3509 271 3560 η
286 3493 342 3543 ΒΓ
356 3496 405 3559 τῆς
420 3487 570 3559 διαμέτρου
588 3498 637 3560 τῆς
651 3486 824 3560 otpalQoecV
883 3495 924 3544 19.
944 3509 994 3544 του
977 3491 1006 3561 ῦ]
1027 3506 1089 3543 corr

93 3624 119 3697 ιλ
166 3624 180 3679 ι’
