2324 3788
118 110 162 176 30
458 114 628 166 BUGLIDIS
647 114 784 168 ΟΡΓΙΟΔ.

119 259 191 322 ΓΘ.
229 255 298 322 ἐπεὶ
321 253 383 322 οὖν
401 255 656 343 προσπέπτωκεν
674 255 766 334 ἀκτὶς
784 257 804 341 ἡ
824 261 897 323 ΓΗ
914 256 972 323 καὶ
991 259 1135 327 άντανα-

117 362 292 428 ιιίκλασται
320 364 340 448 ἡ
367 367 457 447 ΗΑ,
488 363 571 449 πρὸς
600 369 672 439 ίσας
698 367 823 446 γωνίας
849 363 1134 452 ἀνακεκλασμέναι

119 470 214 553 εἰσίν,
239 470 284 546 ὡς
302 469 339 535 ἐν
357 482 427 547 τοῖς
445 473 686 555 Κατοπτρικοῖς
703 468 844 552 λέγεται·
868 476 923 554 ίση
941 473 1010 557 άρα
1027 477 1134 555 γωνία

118 575 139 659 ἡ
161 576 227 641 ὑπὸ
252 580 356 642 ΓΗΘ
382 587 422 662 τῇ
444 576 510 641 ὑπὸ
534 579 650 640 ΑΗΒ.
691 575 775 641 ἀλλὰ
801 575 859 641 καὶ
885 577 906 661 ἡ
933 577 1002 644 ὑπὸ
1024 582 1136 645 ΑΒΗ

84 692 158 768 στῇ
180 682 246 746 ὑπὸ
266 685 373 747 ΓΘΗ
393 688 460 765 ἴση·
488 680 544 746 καὶ
568 683 666 766 λοιπὴ
689 684 754 777 ἄρα
776 682 796 766 η
819 683 885 748 ὑπὸ
903 687 1012 750 ΗΓΘ
1034 691 1132 772 λοιπῇ

118 799 158 875 τῇ
176 789 241 854 ὑπὸ
260 793 362 853 ΗΑΒ
386 788 477 853 ε’στιν
495 793 559 870 ίση.
597 790 774 871 ἰσογώνιον
797 791 861 876 άρα
880 788 949 855 ἐστὶ
966 792 1006 856 τὸ
1026 796 1130 857 ΑΗΒ

118 899 284 982 τρίγωνον
306 905 351 983 τῷ
377 899 479 960 ΓΗΘ
501 896 662 982 τριγώνῳ.
701 906 769 961 τῶν
792 894 829 960 δὲ
853 897 1042 979 ἰσογωνίων
1065 921 1131 984 τρι-

118 1005 238 1085 γώνων
261 1001 426 1084 άνάλογόν
453 1007 539 1066 εἰσιν
565 1002 603 1065 αί
627 1004 776 1087 πλευραί.
822 1005 911 1066 ἔστιν
934 1004 1017 1089 άρα,
1045 1003 1131 1086 ὡςη

120 1112 184 1173 ΓΘ
205 1110 289 1195 πρὸς
311 1108 372 1191 την
396 1111 475 1190 ΘΗ,
499 1107 605 1184 οὕτως
627 1106 647 1189 ἡ
667 1111 733 1171 ΑΒ
756 1109 839 1193 πρὸς
861 1109 922 1192 την
940 1112 1020 1173 ΒΗ.
1058 1107 1128 1175 ἀλλ’

67 1215 137 1281 1οὁ
161 1224 218 1299 τῆς
243 1218 306 1278 ΓΘ
332 1215 415 1299 πρὸς
437 1216 498 1298 τὴν
523 1217 596 1280 ΘΗ
614 1216 712 1295 λόγος
735 1212 805 1279 ἐστὶ
827 1215 1008 1300 γνώριμος·
1036 1215 1129 1282 καὶὸ

118 1331 176 1404 τῆς
194 1325 256 1385 ΒΑ
279 1322 343 1406 άρα
365 1321 448 1402 πρὸς
470 1323 532 1404 τὴν
550 1323 623 1386 ΒΗ
641 1323 739 1403 λόγος
757 1318 827 1385 ἐστὶ
845 1322 1022 1406 γνώριμος.
1058 1320 1127 1388 ἀλλ’

118 1427 139 1511 ἡ
162 1432 231 1492 ΗΒ
255 1427 324 1492 ἐστι
347 1429 520 1513 γνώριμος.
566 1425 621 1491 καὶ
644 1426 664 1510 ἡ
687 1431 753 1492 ΑΒ
777 1427 840 1512 άρα
864 1425 932 1492 ἐστὶ
954 1431 1128 1516 γνώριμος.

603 1628 644 1668 ιι.

190 1713 238 1777 Τὸ
263 1708 367 1777 δοθὲν
389 1712 496 1795 βάθος
519 1722 659 1794 γνῶναι,
682 1713 824 1793 πηλίκον
846 1710 946 1775 ἐστίν.

66 1830 99 1879 15
185 1823 267 1886 ἔστω
291 1821 328 1884 τὸ
352 1815 456 1883 δοθὲν
477 1817 585 1901 βάθος
607 1817 644 1881 τὸ
663 1823 740 1900 ΑΔ,
764 1819 851 1902 ὄμμα
875 1812 911 1880 δὲ
930 1818 1014 1881 ἔστω
1035 1818 1126 1899 τὸΕ,

117 1925 173 1992 καὶ
192 1925 270 1990 θέον
283 1926 320 1990 τὸ
335 1924 443 2009 βάθος
456 1935 592 2007 γνῶναι,
610 1926 750 2005 πηλίκον
769 1921 867 1987 ἐστίν.
899 1922 1126 2008 προσπιπτέτω

118 2035 181 2119 γάρ
200 2043 240 2118 τῇ
259 2034 332 2109 ὄψει
355 2030 452 2114 ἡλίου
471 2028 601 2113 άκτὶςὴ

118 2143 186 2204 ΕΔ
210 2139 446 2222 συμβάλλουσα
468 2147 513 2224 τῷ
534 2137 601 2201 ἐπι-

117 2243 206 2332 πέδῳ
234 2246 317 2308 κατά
344 2244 381 2308 τὸ
409 2247 437 2307 Β
466 2254 602 2326 σημεῖον

65 2364 99 2412 20
117 2349 174 2415 καὶ
201 2360 246 2439 τῷ
270 2351 370 2434 βάθει
392 2351 474 2413 κατά
499 2350 534 2413 τὸ
558 2355 599 2413 A.

118 2455 174 2522 καὶ
205 2457 503 2543 προσεκβεβλήσθω
537 2455 599 2520 άπὸ

118 2573 178 2629 τοῦ
201 2569 230 2629 Β
254 2560 304 2628 ἐπ’
325 2563 459 2639 εὐθείας
485 2562 505 2645 ἡ
527 2568 600 2645 ΒΖ,

117 2669 173 2735 καὶ
199 2672 294 2754 ἤχθω
320 2669 384 2734 άπὸ
407 2679 467 2735 τοῦ
490 2675 522 2734 Ε
548 2669 600 2735 ἐπὶ

118 2779 180 2861 τὴν
205 2780 270 2840 ΒΖ
297 2776 434 2841 εὐθεῖαν
460 2777 601 2854 κάθετος

65 2895 99 2944 25
118 2882 138 2965 ἡ
158 2887 230 2948 ΕΖ.
268 2880 337 2947 ἐπεὶ
355 2880 418 2948 οὖν
436 2889 490 2967 ίση
513 2888 618 2966 γωνία
636 2883 656 2966 ἡ
674 2884 740 2949 ὑπὸ
759 2890 856 2949 ΕΖΒ
880 2894 919 2970 τῇ
937 2884 1003 2950 ὑπὸ
1023 2890 1130 2967 ΒΑΔ,

119 2989 202 3055 ἀλλά
225 2988 280 3054 παὶ
303 2988 323 3071 ἡ
346 2989 411 3054 ὑπὸ
431 2994 530 3054 ΑΒΔ
553 3001 592 3075 τῇ
615 2990 680 3055 ὑπὸ
699 2995 807 3074 ΕΒΖ,
830 2989 886 3056 καὶ
908 2991 928 3074 ἡ
952 2994 1047 3076 τρίτη
1067 2995 1130 3079 άρα

118 3096 138 3180 ἡ
161 3097 227 3162 ὑπὸ
249 3099 348 3160 ΒΕΖ
371 3104 410 3179 τῇ
433 3094 498 3158 ὑπὸ
521 3099 620 3159 ΑΑΒ
646 3095 735 3161 ἐστιν
760 3103 822 3179 ίση.
865 3097 1043 3178 ἰσογώνιον
1067 3100 1130 3184 άρα

119 3201 188 3268 ἐστὶ
215 3204 252 3268 τὸ
280 3206 379 3267 ΑΔΒ
409 3205 574 3286 τρίγωνον
602 3210 647 3288 τῷ
676 3207 772 3267 ΒΕΖ
805 3203 966 3289 τριγώνῳ.
1012 3201 1069 3268 καὶ
1097 3205 1134 3269 αί

656 2319 696 2379 Α

651 2724 686 2776 Δ

190 3403 214 3449 1.
234 3391 440 3450 ἀνακέκλασται
457 3394 504 3448 Bv
522 3395 551 3446 et
568 3393 642 3461 Vah,
663 3393 712 3447 sed
730 3411 812 3462 corr.;
832 3392 1077 3451 άνταναιιέιιλαται
1094 3415 1131 3451 m.

154 3473 178 3520 4.
200 3468 299 3540 ΓΗΘ]
314 3465 344 3519 in
358 3482 412 3520 ras.
422 3484 458 3520 m.
515 3471 539 3518 5.
558 3464 652 3536 λοιπηΊ
668 3465 766 3519 λοιπόν
776 3465 830 3521 Bv.
885 3467 981 3537 λοιπῇ]
995 3465 1091 3522 λοιποί
1104 3484 1132 3538 v,
