2334 3788
77 147 141 212 168
288 150 500 202 omcomm
517 149 697 202 σωοωωειο
715 149 883 201 Tamum.

74 294 113 358 τὸ
137 297 183 378 Λ,
210 292 230 376 ἡ
255 290 291 357 δέ
313 298 377 358 ΒΖ
406 294 548 359 κατὰτὸ
572 297 620 358 Μ.
666 290 736 358 έπεὶ
764 289 827 358 οὖν
851 294 889 358 τὸ
912 297 953 357 Η
975 301 1035 357 τοῦ
1060 297 1093 357 Λ

75 403 331 485 μετεωρότερον,
354 401 391 466 τὸ
415 397 451 464 δέ
475 404 506 464 Λ
528 409 588 465 τοῦ
611 405 665 484 Μ,
689 397 762 465 ἀλλ’
784 399 820 465 έν
844 393 870 488 ᾦ
894 399 963 464 ἐστι
985 400 1022 464 τὸ
1044 403 1093 482 Η,

76 505 113 572 έν
136 493 242 594 τοότω
267 508 303 571 τὸ
326 510 364 590 Γ,
387 506 424 571 έν
448 499 474 594 ᾧ
497 503 593 571 δὲτὸ
617 510 663 590 A,
687 505 852 594 ἐντούτῳ
876 507 913 570 τὸ
936 510 979 588 A,
1003 504 1039 570 ε’ν
1066 498 1093 592 ᾧ

79 610 116 678 δέ
135 601 171 678 τδ
190 618 240 697 M,
263 612 300 678 ἐν
324 614 430 700 τούτῳ
452 614 490 678 τὸ
510 618 552 697 Ζ,
576 613 632 677 διδι
655 609 692 678 δέ
715 624 782 677 τῶν
801 615 874 696 ΒΓ,
892 615 956 676 BA
978 610 999 693 ἡ
1025 615 1099 676 ΛΓ

41 730 57 778 ὅ
77 723 241 805 φαίνεται,
264 720 321 784 διδι
342 716 379 784 δὲ
396 730 463 784 τῶν
482 723 555 804 BA,
573 723 637 783 ΒΖ
659 718 679 802 ἡ
701 724 773 802 ZA,
796 720 852 784 διδι
871 715 908 784 δέ
928 729 997 783 τῶν
1018 722 1093 802 ΒΖ,

28 856 36 903 1
77 830 147 891 ΒΚ
172 826 192 909 ἡ
216 830 298 910 ΚΖ,
329 826 453 892 οὐκοῦν
481 827 501 910 ἡ
529 822 589 911 μὲν
613 829 674 890 ΓΔ
701 835 759 910 τῆς
783 831 848 890 ZA
870 823 1094 910 μετεωροτέρα

77 1039 222 1106 ἀκτίνων
246 1039 397 1125 ὁρώμενα
419 1042 641 1125 μετεωρότεροι
664 1042 826 1124 φαίνεται.

558 1268 614 1334 ια’.
680 1272 681 1275 ’

25 1404 59 1453 10
150 1398 225 1458 Τῶν
243 1395 312 1458 ἄνω
332 1403 392 1457 τοῦ
407 1395 551 1477 ὄμματος
569 1392 733 1459 ἐπιπέδων
746 1392 908 1478 κειμένων
925 1396 965 1459 τὰ
978 1397 1094 1479 πόρρω

77 1502 290 1584 ταπεινότερα
313 1511 475 1584 φανεῖται.

145 1608 227 1670 έστω
251 1607 313 1692 γὰρ
338 1607 425 1690 ὄμμα
448 1607 485 1672 τὸ
509 1610 537 1670 Β
561 1606 648 1671 κάτω
672 1616 732 1672 τοῦ
755 1613 788 1671 A
795 1613 822 1671 Z
845 1606 1002 1673 ἐπιπέδου
1028 1610 1095 1672 κεί-

78 1736 194 1797 μενον,
227 1710 286 1797 ἀφ’
308 1709 349 1777 οὗ
371 1711 666 1800 προσπιπτέτωσαν
699 1714 827 1791 ἀκτῖνες
854 1716 891 1780 αἱ
916 1719 997 1798 BA,
1020 1717 1095 1797 ΒΓ,

77 1824 153 1902 ΒΖ,
177 1815 225 1885 ὧν
247 1818 267 1902 ἡ
291 1824 356 1884 ΒΖ
378 1820 519 1897 κάθετος
541 1823 624 1885 έστω
648 1819 702 1886 ἐπὶ
724 1822 760 1885 τὸ
784 1821 1001 1906 ὑποκείμενον
1026 1820 1096 1885 έπί-

25 1936 59 1984 15
78 1928 190 1992 πεδον.
220 1925 315 2010 λέγω,
333 1927 434 1993 ὅτιτὸ
450 1930 511 1991 ΓΔ
529 1937 589 1991 τοῦ
605 1930 666 1992 ΓΖ
685 1931 917 2014 ταπεινότερον
931 1930 1095 2012 φαίνεται.

80 2034 138 2097 διδι
166 2033 208 2117 δὴ
236 2035 273 2098 τὸ
296 2030 497 2118 προεκτεθδν
519 2035 677 2120 θεώρημα
699 2035 913 2117 ταπεινοτάτη
939 2044 1007 2098 τῶν
1030 2033 1095 2098 όιπὸ

81 2148 141 2203 τοῦ
161 2144 189 2202 Β
214 2143 359 2224 όμματος
381 2141 464 2226 πρὸς
485 2142 523 2205 τὸ
548 2146 581 2204 A
588 2146 615 2204 Z
639 2140 794 2206 ἐπίπεδον
815 2151 1097 2227 προσπιπτουσῶν

80 2245 224 2311 ἀκτίνων
248 2244 338 2311 ἐστὶν
361 2245 381 2328 ἡ
404 2250 482 2329 BA,
511 2247 530 2329 ἡ
554 2244 591 2311 δὲ
614 2250 683 2311 ΒΓ
704 2257 762 2332 τῆς
784 2252 848 2312 ΒΖ
871 2245 1097 2332 ταπεινοτέρα.

80 2350 164 2416 ἀλλὰ
188 2352 244 2416 διδι
267 2348 327 2436 μέν
350 2363 417 2418 τῶν
436 2358 508 2436 BA,
532 2355 600 2417 ΒΓ
619 2352 762 2419 όικτίνων
784 2356 821 2420 τὸ
841 2360 875 2419 A
881 2358 913 2419 Γ
931 2357 1097 2438 φαίνεται,

25 2468 61 2518 20
80 2458 136 2521 διὰ
165 2455 201 2522 δὲ
229 2469 296 2522 τῶν
319 2461 397 2540 ΒΓ,
421 2463 484 2521 ΒΖ
512 2459 548 2522 τὸ
574 2461 644 2523 ΓΖ.
694 2461 731 2525 τὸ
759 2464 831 2525 ΛΓ
854 2463 917 2545 ἄρα
945 2463 1096 2526 ταπεινό-

79 2587 177 2649 τερον
200 2573 259 2627 τοῦ
284 2567 345 2629 ΓΖ
368 2564 493 2650 δρᾶται.

152 2850 175 2899 1.
197 2843 257 2899 ἐπεὶ
278 2840 341 2916 οὖν]
360 2844 404 2898 bis
424 2864 451 2914 p.
529 2854 552 2901 2.
572 2846 604 2901 τό
615 2848 689 2918 (pr.)]
710 2846 766 2901 ἐστι
784 2847 815 2901 τό
834 2847 867 2902 V.
940 2853 966 2901 4.
984 2847 1002 2916 ἡ
1022 2853 1048 2900 A
1055 2848 1097 2918 Γ]

80 2921 198 2985 m.2p.
273 2917 503 3042 6.ZA3AZV.
578 2918 994 2989 7.ZK]Kinras.m.2v,
1070 2923 1095 2973 8.

79 2987 149 3041 Post
172 2985 304 3056 φαίνεται
328 2988 365 3041 ad
387 3031 392 3043 .
416 2998 472 3043 τῶν
495 2987 551 3056 ἄρα
570 2987 644 3043 κάτω
667 2997 716 3044 τοῦ
736 2992 814 3058 (corr.
835 3006 869 3042 ex
886 2992 952 3058 τῶν)
972 2988 1097 3058 ὄμματος

81 3064 217 3136 κειμένων
235 3067 338 3123 καὶτὰ
357 3068 419 3138 ἑξῆς
436 3069 469 3123 V.
501 3069 557 3138 Mg.
577 3087 613 3122 m.
632 3075 646 3122 1
665 3069 702 3125 V:
724 3068 776 3128 Π.
797 3069 827 3124 ἐκ
843 3070 878 3139 δὴ
893 3069 993 3124 τούτου
1005 3089 1096 3138 φανε-

84 3146 134 3216 ρόν
150 3146 206 3202 ἐστι
221 3146 273 3216 (ότι
288 3148 352 3202 add.
364 3166 401 3203 m.
412 3152 476 3218 ree.)
494 3147 530 3202 τδι
550 3146 669 3202 ἐπίπεδα
688 3148 719 3205 ἐκ
736 3158 786 3204 τοῦ
806 3147 891 3218 μέσον
909 3151 1096 3218 θεωρούμενα

82 3222 162 3274 κοῖλα
182 3218 322 3288 φαίνεται.
360 3217 489 3288 τεθείσης
512 3219 564 3289 γὰρ
583 3228 632 3289 τῆς
652 3219 744 3289 ὅψεως
767 3220 839 3276 κατδι
857 3218 941 3289 μέσον
964 3228 1013 3275 τοῦ
1035 3219 1096 3274 έπι-

82 3287 171 3344 πέδου
200 3289 230 3345 ἐν
253 3295 290 3363 τῷ
314 3291 440 3359 μετεώρω
464 3291 589 3359 φανερὸν
612 3291 643 3345 τὸ
667 3292 817 3362 λεγόμενον
836 3289 1097 3363 προσεκβληθέντος

12 3366 16 3371 “
81 3369 131 3416 τοῦ
153 3365 209 3415 ΓΚ
231 3359 365 3416 ἐπιπέδου
389 3344 435 3414 έπδ
457 3359 492 3414 τδι
516 3361 659 3431 ἀριστερά,
688 3363 756 3418 ὥστε
778 3364 827 3419 καὶ
850 3363 890 3426 εἰς
908 3362 943 3416 τὰ
962 3361 1041 3428 δεξιδι
1060 3362 1097 3417 τδι

82 3430 178 3499 πόρρω
197 3430 343 3503 προσέχειν
366 3431 415 3486 καὶ
439 3432 479 3494 εἰς
501 3431 537 3486 τδι
560 3432 699 3502 ἀριστερά.
738 3435 762 3489 εἰ
783 3435 835 3505 γὰρ
854 3434 1040 3503 μετεωρότερα
1060 3433 1097 3487 τδι

67 3499 160 3569 ἄκρα,
186 3505 287 3574 δῆλον,
315 3501 358 3560 ότι
381 3503 413 3559 τὸ
433 3501 518 3577 μέσον
540 3508 645 3561 κοῖλον.
735 3512 760 3562 9,
784 3506 841 3578 ια’]
860 3508 929 3559 mut.
948 3504 978 3558 in
998 3505 1037 3576 ιβ’
1057 3523 1096 3559 m.
