2334 3788
540 625 654 722 Όροι.

158 784 186 847 1.
218 781 424 847 Ὑποιιείσόω
457 782 514 859 τὰς
546 781 609 846 ἀπὸ
642 790 701 847 τοῦ
729 784 873 867 ὄμματος
903 780 1101 867 ἐξαγομίνας

89 889 223 966 εὐθείας
241 889 391 974 γραμμὰς
409 887 573 974 φέρεσθαι
587 889 750 973 διάστημα
768 895 919 973 μεγεθῶν
937 890 1099 973 μεγάλων.

157 997 187 1059 2.
214 993 324 1059 καὶτὸ
344 991 432 1080 [μὲν]
451 995 516 1060 ὑπὸ
539 1005 607 1060 τῶν
623 997 733 1074 ὄψεων
745 998 978 1081 περιεχόμενον
992 1005 1100 1080 σχῆμα

54 1114 70 1162 5
90 1097 175 1168 εἶναι
193 1112 303 1167 κῶνον
321 1103 383 1186 τὴν
399 1103 554 1187 κορυφὴν
572 1098 633 1186 μὲν
651 1105 767 1186 ἔχοντα
786 1101 822 1166 ἐν
835 1111 881 1190 τῷ
900 1104 1020 1186 ὄμματι
1038 1104 1100 1186 τὴν

42 1223 45 1229 ’
90 1206 127 1274 δὲ
149 1209 249 1292 βάσιν
271 1210 354 1295 πρὸς
376 1220 445 1285 τοῖς
466 1207 585 1294 πέρασι
610 1219 677 1273 τῶν
700 1207 885 1294 ὁρωμένων.

157 1315 186 1378 3.
223 1312 279 1378 καλ
307 1302 451 1400 ὁρᾶσθαι
478 1311 538 1398 μὲν
565 1322 682 1398 ταῦτα,
713 1315 797 1399 πρὸς
824 1314 844 1380 ἃ
873 1314 915 1380 ίλν
942 1316 979 1379 αί
1007 1317 1100 1392 ὄψεις

89 1423 334 1507 προσπίπτωσι,
365 1423 409 1506 μὴ
438 1421 582 1506 ὁρᾶσθαι
610 1419 661 1505 δέ,
692 1422 775 1506 πρὸς
806 1420 827 1485 ἃ
855 1421 897 1486 ὄν
926 1423 970 1506 μὴ
996 1436 1099 1506 προσ-

89 1532 255 1593 πίπτωσιν
277 1529 314 1592 αί
334 1529 435 1605 ὄψεις.

39 1646 73 1695 10
158 1635 189 1700 4.
221 1632 277 1698 καλ
304 1634 344 1699 τὰ
372 1630 433 1719 μὲν
456 1633 521 1698 ὑπὸ
544 1635 690 1717 μείζονος
713 1633 836 1714 γωνίας
859 1630 1008 1718 ὁρώμενα
1031 1634 1100 1716 μεί-

91 1745 168 1820 ζονα
191 1743 383 1825 φαίνεσθαι,
405 1741 445 1805 τὰ
468 1737 505 1805 ὄλ
522 1739 587 1804 ὑπὸ
607 1738 779 1814 ἐλάττονος
798 1737 965 1822 ἐλάττονα,
989 1743 1044 1803 ίσα
1064 1734 1101 1802 δὲ

90 1849 130 1912 τὰ
152 1848 217 1913 ὑπὸ
242 1853 324 1912 ίσων
347 1856 479 1929 γωνιῶν
502 1846 660 1931 ὁρώμενα.

158 1955 187 2020 5.
219 1953 274 2019 ιιαλ
297 1954 337 2018 τὰ
359 1949 420 2037 μὲν
437 1953 503 2027 ὑπὸ
521 1949 769 2036 μετεωροτέραν
788 1949 931 2016 ἀκτίνων
949 1949 1101 2036 ὁρώμενα

91 2063 312 2147 μετεωρότερα
336 2063 531 2143 φαίνεσθαι,
559 2058 599 2122 τὰ
626 2054 663 2122 δὲ
689 2058 754 2122 ὑπὸ
782 2056 1022 2144 ταπεινοτέρων
1045 2081 1101 2122 τα-

38 2177 71 2227 15
91 2169 272 2253 πεινότερα.

158 2276 188 2339 6.
224 2271 280 2338 ιιαλ
311 2271 432 2356 ὁμοίως
463 2272 503 2335 τὰ
534 2266 595 2354 μὲν
618 2270 691 2335 ὑπὸ
724 2269 924 2356 ὄεξιωτὲρων
957 2271 1101 2337 ἀκτίνων

91 2380 242 2468 ὁρώμενα
266 2377 439 2463 δεξιώτερα
462 2379 654 2461 φαίνεσθαι,
677 2378 717 2441 τὰ
740 2374 776 2442 δὲ
798 2377 864 2444 ὑπὸ
888 2376 1100 2464 ἀριστερωτέ-

91 2510 161 2572 ρων
184 2485 431 2572 ἀριστερώτερα.

159 2595 188 2658 7.
215 2592 256 2657 τὰ
274 2588 311 2655 δὲ
329 2591 394 2656 ὑπὸ
413 2593 576 2656 πλειόνων
594 2601 726 2673 γωνιῶν
744 2590 894 2675 ὁρώμενα
915 2589 1101 2676 ἀκριβέστε-

38 2709 74 2759 νο
93 2723 155 2786 ρον
173 2700 364 2784 φαίνεσθαι.
598 2784 606 2806 Ι

574 2810 616 2850 α.

160 2898 269 2967 Οὐδὲν
292 2911 360 2966 τῶν
382 2899 559 2987 ὁρωμένων
582 2901 648 2984 ἅμα
672 2900 751 2965 ὄλον
774 2899 899 2986 ὁρᾶται.

159 3012 240 3074 ἔστω
264 3008 326 3093 γὰρ
350 3007 519 3093 ὁρώμενόν
537 3029 568 3070 τι
586 3007 623 3071 τὸ
642 3011 718 3089 ΑΛ,
741 3008 828 3091 ὄμμα
847 3003 884 3070 δὲ
902 3009 984 3071 ἔστω
1003 3008 1040 3072 τὸ
1060 3011 1100 3090 B,

91 3114 150 3202 ἀφ’
171 3111 212 3180 οὗ
234 3112 528 3201 προσπιπτέτωσαν
550 3115 642 3191 ὄψεις
669 3114 706 3176 αί
727 3117 804 3195 BA,
827 3115 900 3196 ΒΓ,
924 3116 1003 3197 ΒΚ,
1026 3117 1100 3177 ΒΛ.

163 3269 187 3317 1.
208 3224 362 3318 Εὐκλείδου
382 3262 491 3316 ὄπτιιιολ
512 3259 573 3329 ὄροι
591 3260 783 3329 VVat.va;
812 3257 966 3314 Εὐκλείδου
990 3258 1100 3315 ὄπτιιιοί.

91 3332 154 3405 ὅροι
171 3335 276 3390 τούτων
294 3334 373 3389 Vat.¹
391 3348 520 3387 numeros
540 3348 591 3386 om.
612 3331 691 3386 codd.
764 3337 789 3388 4.
808 3327 873 3402 μέν]
891 3331 985 3399 dele03
1004 3331 1055 3400 μὸι
1073 3349 1099 3401 v,
