2334 3788
321 114 478 168 εοωοιιλ
495 115 534 168 ω
551 114 721 167 ιεοοτωιε
741 113 877 169 ονωοι.
1041 111 1102 176 127

95 262 251 344 ρηματος·
275 256 343 323 ἐκεῖ
358 255 419 343 μὲν
438 258 501 344 γάρ
521 256 699 341 ἐδείκνυεν,
722 258 768 334 ὡς
785 258 824 321 τά
843 260 956 341 έγγιον
971 259 1103 342 κείμενα

94 365 326 452 ἀκριβέστερον
345 365 471 452 ὁρᾶται,
494 363 642 430 ἐνταῦθα
660 362 707 448 δέ,
731 365 775 442 ὡς
798 367 907 451 μεῖζον
926 365 963 429 τὸ
981 367 1102 448 ἔγγιον.

164 493 214 557 13.
247 493 381 569 Μείζων
406 487 442 554 δὲ
465 493 570 572 γωνία
596 490 616 574 ἡ
646 489 711 554 ὑπὸ
734 495 834 554 ΑΕΒ
861 491 945 575 p.8,
969 490 1025 574 15]
1059 491 1103 568 ὡς

91 712 138 792 τῳ
161 703 198 789 β’
222 706 373 788 ἤκουσας.
1138 712 1155 762 5

161 830 211 893 14.
247 826 302 894 Ἐν
329 829 480 915 μετεώρῳ
506 852 536 912 p.
564 829 619 914 10,
642 827 680 912 6]
713 826 766 892 ε’πὶ
797 837 856 892 τοῦ
888 830 952 915 πρὸ
980 829 1100 893 τούτου

92 938 307 1021 θεωρήματος
329 937 366 1000 τὸ
389 931 450 1019 μὲν
472 937 560 1020 ὄμμα
583 929 639 1018 ἦν,
672 932 725 1019 ἐφ’
751 934 769 999 δ
798 933 953 1000 ἐπίπεδον
979 933 1035 999 καὶ
1061 937 1102 999 τὰ

92 1042 285 1127 παράλληλα
308 1043 521 1126 διαστήματα,
545 1040 692 1106 ἐνταῦθα
715 1040 752 1106 δὲ
774 1043 811 1106 τὸ
833 1043 920 1126 ὄμμα
943 1044 1100 1127 μετεωρό-

93 1171 190 1235 τερον
213 1148 249 1213 ἐν
272 1149 423 1236 μετεώρῳ
448 1146 556 1213 ὄντων
578 1145 634 1212 καὶ
657 1158 725 1212 τῶν
750 1148 989 1233 διαστημάτων.

161 1272 211 1337 15.
240 1271 287 1337 Ἦ
300 1278 366 1338 ΑΒ
388 1297 420 1357 p.
441 1274 491 1357 10,
514 1273 548 1357 8]
572 1273 592 1355 ἡ
612 1277 678 1337 ΑΒ
701 1273 762 1338 οὐκ
785 1276 875 1338 ἔστιν
894 1273 994 1357 άκτίς,
1017 1273 1100 1338 άλλδι
1119 1279 1153 1330 10

92 1379 222 1463 εὐθεῖα,
250 1380 295 1456 ὡς
319 1380 382 1444 άπό
405 1402 496 1457 τινος
518 1383 655 1465 σημείου
677 1387 738 1444 τοῦ
762 1386 794 1443 Α
821 1378 964 1464 ἀγομένη
988 1377 1042 1444 ἐπὶ
1064 1380 1101 1444 τὸ

93 1487 149 1551 διά
168 1497 235 1550 τῶν
252 1492 286 1550 Δ
292 1490 328 1570 Γ,
343 1491 406 1551 ΕΖ
427 1485 582 1552 ἐπίπεδον
600 1486 749 1562 κάθετος.
787 1486 908 1570 ὁμοίως
925 1483 980 1551 καὶ
998 1486 1018 1570 ἡ
1037 1489 1105 1550 ΑΡ

93 1593 154 1657 οώκ
182 1592 273 1669 ἀκτίς
303 1591 408 1677 ἐστιν,
440 1593 523 1658 άλλδι
549 1593 690 1670 κάθετος
718 1592 833 1657 εὐθεῖα
863 1590 917 1657 ἐπὶ
944 1594 1004 1676 τὴν
1032 1591 1100 1675 ΡΞ,

93 1699 133 1764 οὐ
165 1701 231 1784 μὴν
261 1698 317 1764 καὶ
344 1701 427 1786 πρὸς
458 1701 495 1765 τὸ
525 1698 681 1764 ἐπίπεδον
710 1699 863 1776 κάθετος·
895 1698 915 1780 ἡ
944 1700 1007 1783 γάρ
1035 1702 1101 1763 ΑΒ

92 1805 233 1883 κάθετος
255 1801 297 1889 ἦν
319 1807 403 1891 πρὸς
425 1808 462 1871 τὸ
485 1806 702 1890 ὑποκείμενον
726 1804 890 1870 ἐπίπεδον.
1120 1809 1154 1858 15

138 1930 189 1994 16.
226 1927 273 1994 Ἡ
295 1935 363 1994 ΑΡ
390 1932 454 2016 άρα
486 1928 539 1995 ἐπὶ
570 1932 631 2014 τὴν
659 1929 720 2004 ΡΞ
748 1953 778 2013 p.
805 1931 860 2016 10,
887 1929 944 2014 20]
978 1930 1033 1993 διά
1064 1929 1101 1993 τὸ

94 2032 228 2119 δειχθέν
254 2038 343 2123 παρά
371 2046 430 2101 τοῦ
453 2037 599 2102 Πάππου
623 2037 805 2122 λημμάτιον
833 2036 869 2101 ἐν
896 2048 966 2114 τοῖς
993 2038 1040 2112 είς
1062 2035 1102 2099 τά
1145 2110 1148 2115 Δ

91 2139 222 2207 Ὀπτικά
245 2143 443 2208 Εὐκλείδου·
476 2143 534 2209 ε’άν
557 2143 620 2209 άπὸ
639 2144 805 2231 μετεώρου
828 2146 964 2228 σημείου
988 2140 1041 2207 έπὶ
1064 2142 1101 2206 τὸ
1147 2118 1154 2138 ⁹

92 2249 310 2333 ὑποκείμενον
339 2249 493 2314 ἐπίπεδον
519 2250 660 2327 κάθετος
683 2249 787 2336 ἀχθῇ,
814 2250 877 2316 άπὸ
901 2246 938 2314 δὲ
960 2257 1020 2313 τοῦ
1044 2266 1101 2331 ση-

92 2358 198 2439 μείου,
221 2353 300 2420 xa&
321 2355 338 2420 ὃ
357 2356 556 2440 προσβάλλει
574 2365 619 2443 τῳ
639 2354 781 2443 ἐπιπέδῳ
800 2356 820 2440 ἡ
839 2355 989 2439 κάθετος,
1013 2356 1100 2440 ἀχθῇ
1119 2360 1154 2410 20

92 2462 194 2527 πάλιν
212 2462 353 2538 κάθετος
370 2464 453 2547 πρός
466 2486 541 2526 τινα
560 2462 696 2526 εὐθεῖαν
715 2461 752 2527 ἐν
765 2471 811 2550 τῳ
827 2461 968 2549 ἐπιπέδῳ
986 2458 1100 2546 οὖσαν,

92 2567 148 2634 καὶ
175 2569 195 2652 ἡ
224 2567 366 2653 ἀγομένη
396 2568 459 2634 άπὸ
486 2577 546 2633 τοῦ
569 2570 734 2654 μετεώρου
759 2572 895 2653 σημείου
924 2566 974 2633 ἐπ’
997 2568 1101 2652 αὐτὴν

92 2676 235 2752 κάθετος
257 2679 347 2740 ἔσται
372 2674 442 2759 [cfr.
460 2674 591 2760 Pappus
610 2674 667 2760 VI,
687 2677 753 2756 81].

161 2801 210 2864 17.
244 2803 379 2878 Μείζων
401 2801 465 2886 άρα
488 2803 592 2882 γωνία
614 2824 644 2884 p.
666 2800 717 2884 10,
736 2798 793 2883 24]
818 2796 887 2864 έπεὶ
910 2797 1102 2885 ὀρθογώνια

95 2905 195 2991 ἐστιν,
219 2908 255 2971 αί
277 2903 313 2971 δὲ
335 2906 446 2990 βάσεις
470 2911 548 2989 λσαι,
571 2908 609 2970 αί
629 2902 666 2970 δὲ
687 2904 828 2990 πλευραὶ
850 2907 969 2970 άνισοι.
1117 2909 1151 2959 25

162 3032 212 3096 18.
249 3030 421 3113 Δεικτέον,
454 3041 522 3106 πῶς
549 3033 666 3114 μείζων
693 3029 713 3112 ἡ
740 3029 805 3095 ὑπὸ
829 3029 930 3103 ΞΑΡ
952 3037 1010 3113 τῆς
1035 3028 1100 3094 ὑπὸ

94 3141 213 3201 ΠΑΝ.
261 3135 330 3201 ἐπεὶ
357 3136 549 3222 ὀρθογώνιά
577 3135 645 3201 ἐστι
672 3137 712 3200 τά
734 3139 894 3222 τρίγωνα,
926 3133 946 3217 η
970 3132 1007 3199 δδ
1030 3139 1101 3199 HA

94 3250 152 3326 της
165 3248 233 3307 ΑΡ
247 3247 376 3329 μείζων·
401 3243 566 3329 τριγώνου
585 3243 647 3328 γάρ
666 3250 726 3306 τοῦ
741 3246 848 3307 ΠΛΡ
861 3244 979 3327 μείζων
997 3244 1102 3323 γωνία

93 3385 307 3398 ..ὴ-

167 3471 277 3527 13.Vb.
338 3470 446 3525 14.V¹.
502 3468 609 3526 15.V¹.
665 3474 707 3524 16.
726 3469 773 3525 V'.
829 3467 940 3525 17.Vb.
993 3468 1111 3523 tw.
