2334 3788
318 146 528 201 ormconun
544 149 724 202 uncensre
743 151 909 206 rnaoms.
1004 169 1006 173 >
1053 148 1120 216 203

176 289 247 354 Iam
270 311 348 355 uero
371 295 404 355 A
411 295 438 354 Z
464 313 505 355 ne
534 291 577 355 sit
600 292 691 356 radio
715 294 858 377 aequalis
881 317 962 359 neue
991 296 1031 360 ad
1054 296 1122 379 pla-

108 419 188 461 num
202 396 314 462 circuli
328 397 611 483 perpendicularis,
626 399 682 463 sed
692 398 812 464 efficiat
827 405 956 475 [ΔΑΖ
965 433 1006 455 =
1016 405 1077 466 ΖΑ
1083 404 1123 486 Γ,

109 508 177 567 EA
182 508 210 566 Z
226 535 267 556 =
283 508 392 568 ΖΑΒ.
438 504 524 591 dieo,
547 505 593 570 sic
617 527 744 590 quoque
768 506 944 573 diametros
967 507 1118 590 aequales

109 610 270 695 adparere.
304 632 381 674 nam
401 612 554 695 quoniam
571 618 638 679 ΔΑ
649 644 690 666 --
700 616 774 698 ΑΓ,
793 618 827 678 et
843 619 909 678 AZ
929 614 1118 697 communis,

108 717 321 802 aequalesque
337 718 485 804 angulos
515 719 803 805 comprehendunt,
831 720 893 785 erit
915 725 949 786 Δ
955 725 982 784 Ζ
998 752 1040 772 =
1055 723 1122 785 ΖΓ

109 828 141 888 et
169 829 308 900 LAZA
323 855 365 878 =
380 832 413 891 Α
419 829 487 891 ΖΓ.
534 826 684 891 similiter
711 826 1019 912 demonstrabimus,
1046 848 1116 891 esse

107 931 207 996 etiam
230 936 537 1006 LEZA=AZB.
573 932 684 1017 itaque
702 937 792 997 totus
816 935 1117 1008 LAZB=EZR

106 1059 186 1123 ergo
210 1037 359 1102 diametri
383 1038 533 1122 aequales
557 1038 766 1123 adparebunt.
774 1036 799 1126 ¹)

586 1235 637 1300 36.

174 1339 232 1404 Sin
264 1345 352 1404 recta
382 1341 423 1404 ab
452 1340 545 1405 oculo
579 1333 620 1404 ad
647 1345 794 1405 centrum
822 1340 934 1405 circuli
963 1341 1114 1406 adsidens

105 1468 209 1530 neque
241 1448 282 1511 ad
312 1447 446 1531 planum
478 1446 590 1512 circuli
621 1447 895 1531 perpendicularis
928 1451 978 1510 est
1009 1469 1114 1531 neque

595 1552 686 1618 radio
724 1552 867 1636 aequalis
904 1575 1008 1636 neque
1041 1577 1115 1619 cum

512 1635 546 1688 B
595 1659 694 1723 radiis
713 1658 849 1743 angulos
864 1659 1014 1743 aequales
1030 1682 1115 1725 com-

594 1765 810 1852 prehendens,
846 1768 902 1831 sed
937 1767 1028 1830 radio
1061 1767 1114 1831 uel

595 1873 699 1936 maior
729 1874 782 1937 uel
814 1872 932 1956 minor,
965 1872 1115 1937 diametri

593 1976 780 2062 inaequales
803 1979 1014 2063 adparebunt.

657 2085 701 2148 sit
729 2084 815 2149 enim
839 2084 992 2170 circulus,
1022 2084 1112 2149 cuius
1140 2134 1142 2139 »

463 2192 486 2234 f
595 2194 742 2254 centrum
766 2191 809 2255 sit
830 2196 872 2274 Α,
896 2195 929 2255 et
952 2191 992 2254 ab
1018 2191 1112 2257 oculo

594 2301 623 2360 B
647 2297 687 2361 ad
711 2302 857 2362 centrum
883 2298 995 2362 circuli
1022 2303 1113 2363 recta

594 2404 731 2468 ducatur
760 2408 827 2468 BA
863 2409 896 2469 et
932 2404 976 2468 sit
1007 2426 1112 2490 neque

594 2509 635 2574 ad
670 2511 804 2594 planum
836 2510 1111 2595 perpendicularis

591 2639 698 2700 neque
721 2617 811 2682 radio
835 2618 946 2715 circuli
965 2617 1110 2702 aequalis

592 2745 697 2807 neque
727 2746 801 2789 cum
827 2723 927 2789 radiis
960 2723 1111 2807 aequales

101 2827 238 2913 angulos
267 2830 548 2915 comprehendens.
594 2830 680 2915 dice,
711 2832 887 2896 diametros
920 2829 1031 2895 circuli
1063 2830 1112 2894 in-

101 2934 251 3018 aequales
275 2935 436 3018 adparere.

172 3148 197 3214 1)
215 3144 338 3198 Litteras
352 3145 458 3215 figurae
473 3147 538 3200 dedi
555 3163 589 3200 ex
602 3147 658 3215 Vv,
678 3146 708 3201 in
721 3165 740 3216 p
753 3147 857 3202 nostris
871 3146 913 3200 ita
927 3148 1107 3221 respondent,

100 3218 132 3269 ut
150 3234 200 3285 pro
219 3222 250 3285 A,
265 3221 296 3285 B,
313 3221 343 3284 Γ,
358 3223 392 3285 Δ,
407 3221 440 3286 Ε,
457 3222 477 3272 Ζ
497 3217 554 3271 siut
573 3223 606 3287 K,
626 3223 655 3287 Z,
669 3225 700 3287 A,
715 3225 749 3287 Δ,
766 3223 796 3287 Γ,
812 3223 841 3273 Β.

98 3444 208 3564 metrae.
283 3434 323 3484 18.
345 3429 396 3485 ἐὰν
415 3427 445 3485 δὲ
464 3430 494 3503 ἡ]
514 3431 544 3485 in
562 3449 616 3487 ras.
635 3432 669 3486 V.
731 3438 773 3486 21.
794 3430 885 3501 μ’ήζων
904 3431 937 3502 V,
957 3433 1007 3487 sed
1025 3449 1114 3498 corre

100 3516 134 3567 με
162 3519 195 3554 ον
213 3518 239 3556 v,
