2334 3788
88 123 150 188 116
426 126 596 178 εοοοιοεε
615 125 752 179 οεοιοε.

86 265 127 334 οὗ
146 270 309 353 συμβαλεῖ
324 277 365 354 τῇ
384 273 462 353 AB,
484 268 540 334 καὶ
563 271 644 334 ἔστω
664 268 684 352 ἡ
703 274 776 334 ΕΒ.
813 266 882 334 ἐπεὶ
901 263 963 334 οὖν
980 269 1098 352 μείζων

88 378 193 458 γωνία
206 374 226 458 ἡ
240 374 305 440 ὑπὸ
321 379 418 440 ΓΕΒ
437 384 495 459 τῆς
509 375 574 440 ὑπὸ
589 380 700 459 ΑΕΒ,

87 485 196 566 μεῖζον
219 483 284 568 άρα
306 483 343 547 τὸ
368 486 427 547 ΓΛ
451 482 613 567 διάστημα
640 491 700 547 τοῦ

88 593 155 653 AB
185 592 347 672 φαίνεται.
403 589 485 654 ὥστε
514 597 574 654 τοῦ
601 592 701 674 ὄμμα·
744 595 784 658 Π

53 705 69 752 5
89 718 145 771 τος
168 693 221 760 ε’πλ
239 704 300 760 τοῦ
319 700 350 760 Ε
371 694 528 780 μένοντος
551 697 588 760 αλ
608 694 707 773 ὄψεις
771 748 779 757 .

87 801 132 878 ὡς
172 798 225 866 ἐπὶ
263 803 304 867 τά
344 808 390 885 A,
420 805 452 866 Γ
482 800 563 887 μέρη
600 823 701 888 παρα-

86 910 266 994 φερόμεναι
298 914 424 972 θᾶττον
454 906 700 994 παραλλάξουσι

67 1015 123 1090 Ιτὸ
146 1021 179 1079 A
205 1016 287 1099 ἥπερ
315 1015 352 1078 τὸ
378 1017 412 1078 Γ.
460 1014 700 1080 ὑπολείπεσθαι

87 1121 151 1205 άρα
174 1118 261 1198 δόξει
283 1121 320 1184 τὸ
344 1125 420 1185 AB.

788 451 835 512 A
1037 449 1076 509 B

36 1307 69 1356 10
561 1294 624 1365 v3'.

158 1423 205 1484 Τά
238 1419 444 1505 αὐξανόμενα
475 1431 542 1485 τῶν
574 1428 726 1505 μεγεθῶν
754 1419 842 1499 δόξει
870 1420 1098 1506 προσάγεσθαι

85 1536 130 1614 τῶ
158 1528 287 1612 ὄμματι.

154 1636 237 1698 ἔστω
258 1630 427 1720 ὁρώμενον
445 1632 585 1718 μέγεθος
599 1634 636 1698 τὸ
651 1638 727 1717 AB,
746 1635 833 1718 ὄμμα
852 1630 888 1698 δὲ
908 1636 989 1698 ἔστω
1008 1635 1045 1698 τὸ
1061 1637 1098 1717 Γ,

88 1737 147 1823 ἀφ’
169 1736 209 1805 οὗ
232 1738 525 1826 προσπιπτέτωσαν
544 1739 672 1817 ἀκτῖνες
691 1741 728 1804 αί
745 1743 814 1823 ΓΑ,
829 1743 899 1805 ΓΒ.
932 1738 987 1804 καὶ
1006 1738 1100 1823 ηὐξή-

37 1856 70 1905 15
91 1853 164 1912 σθω
188 1847 225 1911 τὸ
250 1850 312 1910 BA
334 1844 389 1910 καὶ
413 1849 494 1912 ἔστω
518 1847 555 1911 τὸ
578 1851 652 1930 BA,
678 1844 734 1910 καὶ
755 1844 984 1931 προσπιπτέτω
1008 1845 1100 1924 ἀκτὶς

89 1951 109 2035 ἡ
134 1956 202 2018 ΓΔ.
248 1951 317 2017 ἐπεὶ
341 1949 402 2019 οὖν
425 1956 543 2038 μείζων
567 1955 672 2035 γωνία
700 1952 720 2036 ἡ
743 1951 808 2017 ὑπὸ
831 1955 928 2016 ΒΓΔ
954 1961 1012 2036 τῆς
1033 1953 1099 2018 ὑπὸ

90 2062 199 2143 ΒΓΑ,
231 2063 341 2144 μεῖζον
369 2061 433 2144 άρα
460 2062 614 2143 φαίνεται
641 2060 677 2124 τὸ
706 2063 768 2123 ΒΛ
795 2067 855 2123 τοῦ
878 2063 949 2122 BA.
995 2059 1035 2122 τά
1063 2056 1099 2123 δὲ

90 2168 221 2247 μείζονα
245 2163 371 2230 ἑαυτῶν
396 2167 529 2249 οίόμενα
553 2164 795 2242 ἐπαυξάνεσθαι
814 2166 961 2248 δοκοῦσι,
983 2163 1097 2229 καὶτὰ

90 2272 202 2352 ἔγγιον
224 2279 283 2335 τοῦ
308 2274 449 2355 ὄμματος
473 2271 630 2337 ἐλάττονα
652 2274 814 2355 φαίνεται.
851 2272 891 2334 τά
914 2272 978 2357 άρα
1001 2269 1097 2347 αὐξό-

35 2387 70 2435 20
88 2399 171 2460 μονα
194 2387 260 2440 τῶν
283 2383 435 2460 μεγεθῶν
459 2375 546 2455 δόξει
568 2378 797 2463 προσάγεσθαι
819 2387 864 2465 τῷ
888 2380 1016 2461 ὄμματι.

564 2588 623 2666 νζ’.

146 2711 227 2778 Ὅσα
250 2711 303 2777 ἐπὶ
326 2721 371 2800 τῶ
392 2712 480 2799 αὐτῷ
500 2714 695 2797 διαστήματι
713 2722 817 2778 κεῖται
839 2725 906 2778 τῶν
925 2715 1036 2799 άκρων
1054 2715 1098 2799 μὴ

88 2817 138 2884 ἐπ’
160 2819 293 2896 εὐθείας
317 2828 362 2906 τῷ
386 2818 472 2907 με’σφ
501 2821 622 2902 ὄντων,
650 2821 686 2884 τὸ
715 2820 794 2885 ὄλον
823 2830 929 2905 σχῆμα
957 2817 1010 2886 ὁτδ
1038 2817 1096 2904 μὲν

88 2931 215 3009 κοῖλον,
239 2922 292 2991 ὁτὲ
320 2922 357 2990 δὲ
379 2927 502 3012 κυρτὸν
524 2938 619 2990 ποιεί.

160 3194 183 3242 1.
204 3189 355 3260 συμβαλεῖ]
376 3189 499 3258 συμβαλ·
513 3205 569 3240 una
588 3187 642 3242 litt.
663 3204 732 3243 eras.
747 3188 780 3258 V,
806 3191 956 3261 συμβαλλεῑ
972 3189 1099 3245 Vat.Av.

123 3260 168 3330 τῇ]
188 3275 203 3313 e
222 3277 292 3314 corr.
312 3260 346 3328 V,
364 3264 402 3331 τῷ
420 3259 657 3314 Vat.Vat.¹Amv.
731 3260 792 3332 AB]
812 3266 834 3314 B
854 3277 869 3314 e
888 3277 956 3314 corr.
971 3261 1004 3315 V.
1074 3266 1098 3314 3.

89 3327 187 3398 μείζων
205 3349 230 3385 v.
289 3335 313 3385 6.
334 3331 381 3402 ὡς]
402 3347 454 3384 om.
469 3348 505 3384 m.
559 3330 803 3403 παραφερόμεναι]
823 3331 1041 3400 περιφερόμενοι
1059 3349 1097 3386 m.

126 3408 149 3455 7.
164 3399 392 3469 παραλλάξουσιν
406 3419 431 3454 ν.
487 3406 510 3455 8.
529 3400 560 3454 τό
572 3403 644 3474 (pr.)]
659 3411 708 3456 τοῦ
723 3421 758 3457 m.
813 3400 1028 3474 ὑπολείπεσθαι]
1047 3401 1101 3457 λεί-

87 3475 195 3526 πεσθαι
213 3491 248 3526 m.
323 3479 366 3527 10.
386 3471 446 3544 γε’]
467 3489 519 3526 om,
535 3491 560 3542 v,
580 3472 629 3537 ξθ’
644 3472 678 3542 V,
697 3472 737 3539 ξζ’
752 3491 788 3529 m.
808 3479 824 3527 2
844 3474 908 3529 vat.
979 3481 1019 3528 15.
1040 3474 1100 3544 ΒΔ]
