2334 3788
77 142 142 207 120
412 140 582 194 EUOLIDIS
600 141 738 196 OPTIOA.

76 288 177 353 ποίλιν
199 283 268 351 ἐπεὶ
291 286 311 370 ι]
334 282 395 370 μὲν
419 289 479 350 ΓΖ
497 295 536 371 τῇ
561 290 623 350 ΖΒ
647 283 737 350 ἐστιν
760 291 829 370 ἴση,
852 285 872 369 ἡ
896 283 933 351 δὲ
956 293 1021 352 ΑΖ
1045 296 1085 373 τῇ

78 400 149 478 ΖΔ,
172 393 255 458 ίιλλδι
277 389 332 456 καὶ
355 392 460 476 ηΑΒ
483 402 523 478 τῇ
543 395 612 475 ΓΛ,
635 393 673 456 αἴ
692 403 780 478 τρεῖς
802 394 866 479 ἄρα
886 404 958 471 ταῖς
975 392 1087 480 τρισὶν

79 508 147 567 ἴσαι
179 502 256 582 εἴσί,
288 497 344 563 καὶ
375 501 480 580 γωνία
511 501 625 585 γωνία.
681 504 734 582 ἴση
763 500 827 585 ἄρα
854 503 1036 585 φανήσεται
1064 500 1085 584 ἡ

77 608 203 693 πλευρδι
234 615 273 692 τῇ
305 610 445 692 πλευρᾷ,
477 605 522 682 ὡς
553 603 609 669 καῖ
640 606 677 669 αί
706 603 818 670 λοιπαῖ
844 605 983 691 πλευραὶ
1016 613 1086 672 ἴσαι

43 716 293 800 σφανήσονται.

150 895 214 975 Τῆς
246 887 282 954 δὲ
314 888 377 954 ἀπὸ
405 897 465 953 τοῦ
493 890 636 973 ὄμματος
667 887 720 953 ἐπὶ
749 891 810 973 τὴν
838 892 992 974 συναφὴν
1019 902 1088 956 τῶν

80 997 264 1084 διαμέτρων
293 998 372 1081 μήτε
398 996 481 1081 πρὸς
508 994 614 1081 ὀρδδις
641 997 741 1078 ούσης
768 1005 813 1083 τῷ
837 995 978 1084 ἐπιπέδῳ
1006 1000 1087 1081 μήτε

81 1112 153 1188 ἴσης
176 1101 311 1190 ἑκατέρη
337 1111 405 1167 τῶν
432 1101 495 1166 ἀπὸ
523 1110 580 1185 τῆς
603 1110 755 1186 συναφῆς
779 1103 862 1188 πρὸς
883 1103 942 1179 τδς
963 1106 1089 1185 γωνίας

80 1220 139 1277 τοῦ
162 1210 370 1295 τετραγώνου
392 1205 564 1292 ἀγομένων
586 1209 665 1293 μήτε
689 1214 761 1284 ἴσας
784 1211 907 1291 γωνίας
927 1211 1089 1292 ποιούσης

28 1330 62 1379 10
80 1315 149 1403 μετ’
175 1317 285 1381 αὐτῶν
313 1316 350 1379 αί
375 1314 544 1398 διάμετροι
570 1315 680 1378 ίίνισοι
705 1317 920 1398 φανήσονται.
966 1314 1089 1399 ὁμοίως

80 1425 144 1509 γὰρ
172 1420 320 1505 δείξομεν
350 1421 391 1484 τδι
418 1422 658 1505 συμβαίνοντα,
689 1420 841 1507 καθάπερ
872 1418 927 1486 καὶ
955 1421 992 1486 έν
1019 1432 1090 1498 τοῖς

80 1530 223 1604 κύκλοις.

80 1654 293 1664 ——.—-——-

153 1727 177 1775 2.
196 1721 257 1792 AB]
276 1725 298 1773 A
316 1718 347 1772 in
364 1736 418 1773 ras.
436 1719 470 1773 V.
544 1724 568 1774 3.
588 1715 658 1773 είσίν
676 1737 701 1772 v.
775 1716 874 1792 γωνία]
892 1719 941 1773 καῖ
956 1716 1044 1792 γωνίᾳ
1062 1738 1087 1773 v.

118 1835 142 1882 4.
162 1824 319 1898 πλεοροί]π
302 1793 370 1881 V.
426 1825 484 1880 ἴσαι
503 1825 690 1897 φανήσονται]
710 1841 766 1893 seq.
786 1827 858 1894 spat.
877 1841 937 1880 uae.
953 1824 1043 1879 6litt.
1063 1844 1089 1895 v,

85 1952 138 1989 om
157 1953 193 1988 m
262 1939 285 1987 6.
305 1933 378 1987 Ante
397 1941 445 2002 τῆς
464 1932 565 2002 οδμοο.
586 1901 672 2000 ffV,
697 1931 756 1985 et
747 1949 777 1984 ιο
795 1950 850 2021 mg.
870 1931 940 1984 haee
958 1930 1091 2000 leguntur

82 2005 165 2060 initio
193 2003 296 2058 reciso:
325 2047 400 2058 .....
421 2003 488 2072 μήτε
515 2003 584 2071 πρὸς
612 2001 767 2071 ὀρθάς...
779 2000 863 2056 ,πέδ
888 2002 954 2091 μήτε
983 2001 1027 2072 ἴση
1049 2011 1089 2091 τῇ

84 2075 204 2146 (punctis
224 2075 288 2144 del.)
313 2072 429 2148 ἑκατέρη
451 2084 506 2130 τῶν
529 2075 586 2128 ἀπὸ
606 2083 655 2144 τῆς
674 2045 801 2164 συναφῆς
823 2073 892 2141 πρὸς
914 2071 964 2135 τὰς
988 2071 1091 2142 γωνίας

83 2157 132 2202 τοῦ
155 2147 329 2215 τετραγώνου
352 2128 497 2214 ἀγομένων
521 2145 587 2214 μήτε
609 2144 670 2207 ἴσας
689 2165 791 2234 γωνιας
809 2162 893 2198 ποι..
913 2142 971 2213 μετ’
989 2146 1091 2212 αὐτῶν,

84 2218 115 2272 αἱ
134 2217 277 2286 διάμετροι
296 2216 388 2271 ύίνισοι
407 2216 589 2285 φανήσονται.
628 2213 728 2285 ὁμοίως
751 2214 803 2285 γδιρ
823 2212 998 2284 δείξομεν
970 2235 1005 2268 τα
1024 2233 1091 2284 συμ-

84 2287 229 2380 βαίνοντα,
247 2286 379 2355 καθάπερ
400 2287 430 2341 ἐν
448 2297 505 2348 τοῖς
523 2288 635 2348 κύκλοις
653 2290 717 2356 (mg.
739 2285 889 2374 έσφαλτριι).
927 2287 959 2339 In
977 2305 1006 2339 m
1024 2288 1091 2339 ante

83 2368 132 2429 τῆς
150 2377 202 2412 ms.
199 2357 311 2447 [έ]διυ
334 2355 365 2412 δὲ
383 2357 401 2426 ἡ
421 2357 466 2448 ἐκ]
484 2358 535 2449 τὴν
554 2359 684 2427 συναφὴν
702 2366 750 2427 τῆς
769 2355 917 2426 διαμέτρου
937 2357 1003 2426 μήτε
1022 2357 1092 2425 πρὸς

85 2422 210 2500 ὀρθὰς
192 2452 210 2519 η
228 2434 266 2500 τῷ
285 2426 406 2518 ἐπιπέδῳ
425 2428 492 2496 μήτε
512 2427 555 2496 ἴση
574 2437 608 2500 τη
627 2427 744 2518 ἑκατέρρι
762 2438 817 2483 τῶν
831 2429 888 2482 ἀπὸ
902 2436 950 2497 τῆς
964 2436 1093 2517 συναφῆς

84 2502 154 2570 πρὸς
177 2520 227 2562 τας
250 2497 353 2569 γωνίας
374 2519 424 2553 του
446 2500 620 2567 τετραγώνου
642 2484 788 2568 ἀγομένων
816 2499 882 2568 μήτε
906 2497 966 2561 ἴσας
989 2497 1093 2569 γωνίας

84 2581 152 2643 ποιῇ
172 2569 229 2640 μετ’
247 2573 339 2624 αὐτῶν
358 2573 428 2638 κτλ,
451 2586 524 2638 quae
543 2587 626 2660 supra
646 2587 661 2624 ο
680 2571 706 2624 V
723 2589 779 2639 mg
799 2569 898 2626 adtuli.
988 2578 1037 2639 τῆς
1060 2567 1092 2623 δέ

85 2644 209 2698 ἀπὸτοῦ
230 2641 371 2738 ὄμματος]
384 2651 439 2696 τῶν
459 2640 652 2710 διαστημάτων
670 2641 759 2696 va.
850 2647 874 2695 8.
899 2640 971 2712 ἴσης]
995 2639 1039 2710 ἴση
1058 2649 1092 2711 τῇ

84 2759 174 2813 va.
264 2751 374 2829 τῶνΜο
394 2756 426 2812 V
519 2763 560 2812 10.
580 2757 683 2829 ἄνισοι]
703 2774 770 2811 corr.
791 2773 850 2810 ex.
880 2774 961 2811 ..σαι
978 2755 1048 2824 V,
1036 2755 1093 2822 ἄρα

87 2837 144 2893 ἴσαι
163 2856 188 2892 v.
268 2843 309 2892 12.
329 2838 452 2909 κύκλοις]
472 2857 528 2900 -οις
545 2837 576 2890 in
593 2855 646 2891 rae.
666 2837 699 2906 V,
719 2839 859 2899 κναλικοῖς
877 2855 902 2891 v.
975 2837 1007 2889 In
1025 2835 1093 2890 fine:

85 2908 162 2972 τέλος
179 2917 235 2964 τῶν
254 2909 382 2964 ὀπτύκῶν
401 2907 543 2964 εύκλείδου
562 2927 587 2963 v,
