2334 3788
398 145 568 198 EUCLIDIS
587 147 725 200 omos.
1025 145 1067 210 99

58 287 228 371 apparebit
246 288 289 352 ub
313 311 410 372 quam
428 289 479 372 dp.
516 293 549 353 et
568 290 596 353 si
615 294 759 355 transeat
779 290 890 355 oculus
911 313 1006 374 super
1027 292 1068 376 ei,

57 394 241 478 inaequalia
259 393 408 459 similiter
428 396 638 481 apparebunt,
661 401 694 460 et
713 419 809 480 super
828 396 938 461 circuli
958 401 1066 481 partes

58 520 205 564 seorsum
214 501 490 585 perpendicularis
505 501 533 565 si
542 508 692 587 ponatur,
705 502 888 588 inaequalia
903 507 1068 587 apparent,

57 610 90 670 et
114 605 142 671 si
166 610 258 671 extra
281 607 438 672 circulum
461 613 603 692 ponatur
629 631 695 673 non
722 609 757 673 in
779 609 902 674 directo
926 609 1067 674 existens

56 712 87 777 ei
111 735 192 797 quae
216 717 265 778 est
287 716 339 799 da,
361 713 544 799 inaequalia
567 720 731 799 apparent.
1104 726 1119 774 5

122 889 238 956 Aliter.

124 1002 194 1061 esto
223 998 309 1062 enim
337 998 481 1082 aequalis
504 999 546 1082 119
578 998 608 1062 ei
644 1021 726 1083 quae
754 1003 804 1064 est
829 1001 889 1084 qd,
921 1004 953 1063 et
982 1000 1068 1065 circa

57 1103 187 1186 quidem
223 1104 240 1168 b
246 1126 267 1187 9
305 1104 525 1170 semicirculus
564 1106 765 1170 describatur
801 1106 882 1191 bap,
918 1110 952 1170 at
988 1128 1066 1171 uero

57 1209 143 1274 circa
163 1212 211 1293 qd
237 1211 341 1275 maior
364 1211 567 1276 semicirculo
588 1214 664 1295 pud.
711 1217 743 1277 et
765 1213 976 1277 manifestum
1000 1213 1067 1296 qui-

691 1319 772 1403 dem,
792 1319 946 1404 quoniam
962 1320 1066 1383 maior
1086 1328 1119 1376 10

712 1426 876 1509 praedicto
902 1426 1044 1491 semicir-

691 1532 771 1597 culo.
800 1532 956 1617 possibile
971 1555 1067 1617 super

687 1640 737 1722 qd
767 1640 906 1704 scribere
942 1639 1067 1723 portio-

689 1769 764 1811 nem
773 1746 929 1810 maiorem
938 1745 1067 1829 quidem

691 1850 902 1917 semicirculo.
939 1851 1067 1916 sienim
1087 1858 1120 1907 15

691 1980 909 2044 supponamus
936 1963 1067 2022 acutum

55 2064 198 2148 aliquem
216 2065 380 2151 angulum,
398 2066 554 2150 possibile
575 2071 624 2131 est
641 2067 736 2131 uobis
752 2087 847 2149 super
863 2067 911 2147 qd
927 2065 1067 2129 scribere

54 2172 240 2254 portionem
263 2172 375 2236 circuli
397 2173 615 2238 continentem
635 2174 790 2259 angulum
809 2171 976 2256 aequalem
995 2172 1068 2236 sub-

54 2277 175 2342 iacenti
199 2282 295 2342 acuto
319 2279 448 2365 augule,
472 2284 509 2344 ut
531 2279 671 2344 habetur
692 2280 727 2343 in
744 2277 808 2342 111⁰
827 2279 1067 2343 elementorum.

55 2387 89 2448 et
113 2384 350 2469 coniungantur
372 2386 421 2470 br,
440 2407 489 2469 ap,
507 2389 558 2451 ad.
603 2386 706 2472 igitur
729 2384 785 2470 qui
807 2385 842 2449 in
865 2384 1067 2450 semicirculo
1086 2389 1120 2438 20

57 2490 195 2575 angulus
223 2491 327 2556 maior
357 2513 454 2575 quam
484 2493 566 2557 alius
598 2493 633 2556 in
651 2493 775 2583 ¹maiori
802 2492 960 2576 portione.
1006 2491 1066 2556 sub

55 2597 172 2661 maiori
187 2601 295 2662 autem
315 2598 434 2683 angulo
452 2599 524 2664 uisa
537 2600 660 2665 maiora
677 2603 841 2684 apparent.
874 2602 944 2662 erat
959 2602 1068 2662 autem

55 2703 209 2787 aequalis,
254 2708 303 2768 est
326 2725 403 2789 ergo
427 2705 517 2770 locus
542 2707 735 2792 communis,
756 2706 792 2769 in
816 2727 879 2789 quo
904 2704 1015 2769 oculus
1040 2705 1067 2769 si

54 2814 205 2894 ponatur,
224 2810 406 2895 inaequalia
420 2817 576 2897 apparent
591 2813 746 2897 aequalia,
761 2811 914 2896 quoniam
929 2811 1066 2895 quidem,

55 2916 84 2980 si
104 2939 200 3000 super
215 2939 252 2981 ea
272 2938 353 3001 quae
372 2939 390 2980 a
407 2917 567 3000 principio
586 2922 706 3002 puncta
724 2917 833 3001 fuerit,
855 2938 966 2981 earum
985 2938 1067 3000 quae
1084 2926 1120 2975 25

55 3026 133 3086 sunt
155 3022 269 3106 1)qu
290 3023 394 3087 maior
417 3024 646 3088 semicirculus.

128 3176 151 3224 5.
173 3172 256 3243 quae]
276 3170 325 3238 qui
343 3172 381 3225 D.
456 3177 497 3226 17.
517 3171 663 3243 possibile]
682 3171 772 3241 possi·
791 3188 841 3242 seq.
860 3187 914 3226 ros.
930 3176 946 3226 1
961 3173 1012 3227 litt.
1027 3170 1065 3226 D.

93 3327 133 3375 17.
157 3325 215 3390 ΖΓ,
232 3322 295 3392 ΖΔ]
316 3326 347 3390 Γ,
364 3326 385 3375 Ζ
403 3321 433 3374 in
447 3340 500 3377 ras.
516 3323 549 3378 V.
623 3329 664 3378 18.
684 3320 794 3394 μείζων]
814 3323 906 3392 μεῖζον
924 3339 950 3379 ν.
1021 3326 1066 3407 tl).
1138 3292 1141 3301 Ι

55 3431 149 3497 μεῖζον
168 3447 193 3484 v.
259 3427 356 3498 μείζων
376 3460 409 3470 -—
430 3427 572 3502 φαίνεται]
592 3447 645 3484 om.
664 3448 700 3486 m.
758 3435 800 3486 21.
819 3408 921 3493 uuerde
937 3446 964 3487 v.
1003 3400 1100 3564 Ι

55 3509 171 3570 σημεῖον
189 3501 275 3571 Vat.¹,
298 3511 323 3569 (a
341 3519 376 3556 m.
982 3506 999 3526 ·'

894 3585 937 3639 Vq*
