2334 3788
77 133 119 197 12
420 135 591 187 EUCLIDIS
610 134 748 186 OPTICA.

149 402 197 467 Τά
229 400 283 467 ἐπὶ
315 411 373 486 τῆς
400 402 501 485 αὐτῆς
533 401 667 478 εὐθείας
699 401 780 482 ὄντα
813 405 868 464 ἴσα
895 397 1018 483 μεγέθη
1047 401 1092 484 μὴ

78 507 193 593 ε’φεξης
225 509 381 592 ἀλλήλοις
408 507 547 573 τεθέντα
579 506 635 572 καὶ
662 509 780 572 ἀνισον
808 508 1001 590 διεστηκότα
1031 514 1094 571 τοῦ

77 618 222 700 ὄμματος
244 618 343 680 ἀνισα
367 618 530 699 φαίνεται.

41 734 57 782 5
144 725 226 787 ἔστω
256 724 318 787 δύο
343 728 397 786 ίσα
420 719 543 807 μεγέθη
567 721 607 785 τά
630 724 712 803 ΑΒ,
737 722 799 784 ΓΔ
828 718 880 784 ε’πὶ
907 728 965 803 της
991 719 1094 802 αὐτῆς

77 829 211 905 εὐθείας
233 838 291 912 της
313 834 380 893 ΑΛ
407 831 450 913 μη
475 825 591 911 ἐφεξῆς
615 826 769 909 ἀλλήλοις
792 829 872 891 ὄντα
894 825 950 891 καὶ
973 827 1094 891 ἀνισον

78 936 270 1019 διεστηκότα
290 934 353 1000 ἀπὸ
372 944 431 999 τοῦ
450 937 594 1019 ὄμματος

77 1050 137 1106 τοῦ
160 1047 200 1125 Ε,
222 1040 278 1106 καὶ
299 1040 595 1126 προσπιπτέτωσαν

78 1149 207 1226 ἀκτῖνες
242 1149 280 1212 αί
312 1152 394 1230 ΕΑ,
421 1153 502 1231 ΕΑ,
538 1145 594 1211 καὶ

26 1265 59 1314 10
78 1259 160 1321 έστω
183 1257 302 1339 μείζων
319 1254 421 1336 ἡΕΑ
443 1263 501 1337 τῆς
518 1259 593 1318 ΕΑ.

78 1361 177 1445 λέγω,
212 1361 263 1425 ὅτι
293 1359 314 1443 ἡ
348 1363 408 1424 ΓΔ
439 1369 496 1443 τῆς
528 1366 594 1425 ΑΒ

78 1471 196 1554 μείζων
233 1468 424 1550 φανήσεται.
492 1485 594 1553 προσ-

77 1572 285 1639 πιπτέτωσαν
312 1572 441 1649 ἀκτῖνες
463 1575 500 1638 αί
520 1579 594 1657 ΕΒ,

78 1685 151 1765 ΕΓ,
169 1678 225 1745 καὶ
243 1680 500 1765 περιγεγράφθω
520 1680 595 1766 περὶ

25 1798 59 1846 15
77 1789 115 1854 τὸ
142 1793 247 1853 ΑΕΔ
278 1794 443 1873 τρίγωνον
475 1788 596 1865 κύκλος

79 1896 96 1961 ὁ
134 1902 166 1960 Α
175 1900 257 1960 ΕΑ.
324 1892 379 1958 καὶ
419 1898 595 1980 προσεκβε-
683 1884 687 1893 ’

79 2003 282 2086 βλησθωσαν
315 2013 386 2077 ταῖς
418 2005 491 2084 ΕΒ,
517 2003 585 2065 ΕΓ
615 2001 762 2077 εὐθείαις
794 2000 923 2064 εὐθεῖαι
956 2000 993 2062 αἱ
1018 2003 1096 2082 ΒΖ,

81 2111 162 2190 ΓΗ,
194 2105 251 2171 καὶ
278 2106 509 2172 ἀνεστάτωσαν
539 2107 602 2171 ἀπὸ
630 2118 697 2171 τῶν
721 2112 759 2189 Β,
779 2109 812 2170 Γ
839 2109 983 2190 σημείων
1010 2106 1098 2191 πρὸς

81 2214 186 2299 ὀρθάς
209 2216 332 2296 γωνίας
361 2218 429 2277 ίσαι
456 2213 586 2277 εὐθεῖαι
609 2215 646 2277 αί
667 2217 695 2275 Β
703 2217 745 2297 Θ,
765 2215 838 2277 ΓΚ.
885 2215 954 2277 ἔστι
978 2208 1015 2276 δὲ
1039 2217 1092 2294 ἴση

27 2319 101 2403 2οὴ
126 2324 191 2384 ΑΒ
215 2328 254 2404 τῇ
279 2322 354 2402 ΓΔ,
387 2318 470 2383 ἀλλά
497 2317 552 2382 καί
576 2322 680 2400 γωνία
703 2318 723 2401 ἡ
747 2319 811 2383 ὑπὸ
836 2322 939 2382 ΑΒΘ
965 2327 1004 2402 τῇ
1027 2318 1097 2383 ὑπὸ

81 2429 188 2491 ΑΓΚ
208 2425 298 2490 ἐστιν
318 2431 381 2508 ίση.
413 2424 468 2490 καὶ
485 2424 679 2511 περιφέρεια
697 2428 761 2510 ἀρα
780 2426 883 2508 ηΑΘ
900 2427 1094 2511 περιφερείᾳ

81 2543 120 2618 τῇ
148 2534 222 2596 ΛΚ
247 2531 338 2597 ε’στιν
366 2538 429 2615 ίση.
488 2520 508 2615 ἡ
536 2535 606 2594 ΚΑ
632 2533 697 2615 ἀρα
723 2529 915 2617 περιφέρεια
941 2540 999 2615 τῆς
1028 2535 1094 2594 ΖΑ

80 2641 290 2724 περιφερείας
321 2641 440 2721 μείζων
471 2637 571 2703 ἐστίν.
625 2643 736 2725 πολλῷ
765 2640 828 2723 ἀρα
856 2639 876 2721 ἡ
902 2640 975 2701 ΗΛ
1002 2658 1093 2722 περι-

82 2743 197 2829 φέρεια
224 2753 282 2827 της
307 2748 371 2808 ΖΑ
399 2743 644 2828 μείζων”ε’στίν.
694 2742 766 2809 ἀλλ’
788 2742 840 2808 ἐπὶ
863 2740 924 2828 μὲν
946 2752 1004 2826 τῆς
1028 2748 1097 2807 ΖΑ

30 2861 64 2911 25
83 2853 292 2936 περιφερείας
318 2850 338 2932 ἡ
366 2850 431 2915 ὑπὸ
454 2856 554 2915 ΑΕΖ
583 2853 687 2933 γωνία
715 2849 867 2935 βέβηκεν,
900 2848 953 2915 ἐπὶ
976 2845 1013 2913 δὲ
1036 2858 1099 2931 τῆς

83 2961 157 3020 ΗΛ
188 2959 397 3041 περιφερείας
428 2955 448 3039 ἡ
481 2957 546 3022 ὐπὸ
573 2961 690 3021 ΗΕΔ.
749 2957 769 3040 ἡ
799 2959 863 3041 ἀρα
894 2956 959 3021 ὑπὸ
987 2959 1098 3020 ΗΕΑ

84 3065 190 3146 γωνία
213 3073 270 3146 τῆς
292 3062 357 3127 ὐπὸ
377 3067 477 3127 ΑΕΖ
500 3065 618 3147 μείζων
642 3063 740 3128 ἐστίν.
778 3061 850 3128 ἀλλ’
869 3063 935 3127 ὑπὸ
958 3058 1019 3146 μὲν
1037 3070 1099 3146 τῆς

83 3170 148 3234 ὑπὸ
176 3174 277 3234 ΑΕΖ
309 3168 328 3251 ἡ
357 3173 423 3234 ΑΒ
455 3168 622 3253 βλέπεται,
652 3170 717 3234 ὑπὸ
746 3166 782 3234 δὲ
810 3178 867 3253 τῆς
893 3169 958 3234 ὐπὸ
986 3172 1098 3233 ΗΕΔ

84 3277 104 3361 η
129 3280 199 3341 ΓΔ.
244 3279 363 3360 μείζων
385 3278 449 3361 ἀρα
472 3276 492 3359 η
517 3279 578 3340 ΓΑ
601 3284 657 3359 της
680 3281 746 3340 ΑΒ
770 3278 932 3360 φαίνεται.

84 3382 296 3393 --,.-..

157 3422 180 3470 1.
196 3416 233 3556 3]
248 3415 476 3483 n'VVathm.
532 3417 739 3486 5.AB]AHv.
795 3414 1097 3482 mmmmvssvatx.

118 3486 220 3540 ἀνισον
247 3486 347 3541 ἀνισον
362 3484 500 3556 διάστημα
514 3504 549 3540 m.
606 3492 629 3540 9.
646 3487 711 3558 EA]
724 3490 778 3540 ΑΕ
791 3505 816 3540 v.
875 3493 915 3540 10.
932 3488 1024 3554 μεῖζον
1038 3486 1094 3540 Bv.
