2334 3788
447 111 616 162 nuonmrs
636 111 773 164 111111.
1073 105 1114 171 82

175 251 220 340 si,
239 254 324 339 quod
343 252 480 339 uidetur,
500 253 680 319 subiacenti
699 254 834 337 ebipedo
852 251 1116 337 perpendiculare

106 385 174 427 non
195 361 304 446 fuerit,
326 365 558 445 transponatur
580 380 658 424 uero
682 382 779 444 super
802 358 913 424 circuli
931 357 1118 443 pariferiam

109 468 240 552 aequale
264 467 404 532 existens
428 467 458 532 ei
482 489 563 551 quae
586 488 604 531 e
627 470 747 551 centro,
770 464 964 549 aliquotiens
989 464 1118 548 quidem

108 573 244 657 aequale
264 574 302 656 ei,
329 573 523 656 aliquotiens
542 593 620 636 uero
638 570 807 654 inaequale
826 571 990 636 uidebitur
1009 593 1119 636 seeun-

107 681 185 745 dum
198 679 387 764 parallelam
400 678 597 763 positionem
612 678 642 741 ei
652 699 733 761 quae
744 700 760 742 e
774 677 933 762 principio
948 679 1117 744 transiens.
1160 698 1167 707 ⁴

177 791 247 852 esto
284 786 422 852 circulus
456 787 511 871 ad,
546 789 579 850 et
611 788 759 849 sumatur
790 784 825 848 in
861 783 1012 868 periferia
1048 784 1117 850 eius

108 898 248 976 punctus
271 895 300 977 d,
323 898 355 958 et
378 893 452 957 inde
476 896 588 978 surgat
610 912 677 955 non
699 889 973 974 perpendicularis
997 891 1117 956 oirculo

743 1001 832 1061 recta
876 998 922 1061 da
972 998 1116 1081 aequalis

743 1099 883 1168 existens
921 1104 951 1168 ei
983 1126 1064 1187 quae
1100 1126 1117 1168 e

744 1212 868 1293 centro,
896 1211 1008 1274 oculus
1040 1220 1167 1275 uer01·

744 1315 787 1380 sit
800 1337 823 1381 a
861 1315 942 1399 dice,
962 1317 1116 1400 quoniam

743 1424 794 1508 dr,
817 1422 892 1487 siin
907 1423 1019 1488 circuli
1034 1423 1119 1507 pari-

743 1527 824 1593 feria
875 1534 1119 1615 transponatur,

745 1635 938 1718 aliquotiens
989 1635 1119 1720 quidem

746 1740 889 1824 aequalis
940 1740 1119 1824 apparebit,
1139 1751 1167 1799 1³

745 1845 938 1929 aliquotiens
1003 1845 1120 1930 maior,

745 1950 939 2035 aliquotiens
1003 1951 1117 2016 minor.

745 2057 894 2121 trahatur
907 2061 1015 2121 autem
1029 2079 1086 2141 per
1095 2079 1120 2142 e,

746 2163 831 2246 quod
865 2167 923 2259 ‘est
964 2168 1119 2246 nentrum,

746 2273 853 2334 rectae
885 2271 928 2335 da
963 2268 1119 2353 parallela
1137 2282 1166 2330 2·

744 2397 808 2461 pe,
847 2376 1058 2460 trahaturque
1100 2397 1119 2438 a

111 2485 232 2565 puncto
266 2504 288 2564 p
321 2481 490 2546 subiacens
525 2482 695 2567 ebipedum
729 2483 876 2548 cathetus
908 2482 946 2565 pt
982 2485 1014 2546 et
1046 2503 1120 2545 oon-

112 2587 197 2652 oidat
228 2587 363 2672 ebipedo
397 2589 437 2652 ad
467 2591 481 2652 1
516 2578 673 2672 punctum
703 2593 738 2653 'et
775 2589 948 2674 coniugata
978 2589 1011 2652 et
1046 2587 1119 2651 edu-

112 2699 204 2759 catur
227 2698 260 2758 et
284 2694 499 2780 coniungatur
521 2695 561 2758 ad
584 2694 769 2778 periferiam
792 2695 832 2758 ad
854 2698 1010 2778 punctum
1033 2714 1063 2778 a,
1086 2697 1118 2758 et

110 2801 260 2864 trahatur
281 2823 339 2884 per
360 2805 516 2883 punctum
534 2823 556 2865 a
578 2805 684 2866 rectae
700 2822 742 2884 pe
763 2800 918 2885 parallela
936 2800 988 2884 ab,
1012 2799 1118 2883 sitque
1137 2814 1167 2862 2³

110 2911 199 2971 reeta
222 2906 264 2971 oh
292 2912 399 2971 rectae
426 2909 469 2972 dr
496 2906 647 2990 aequalis.
694 2907 780 2991 dieo,
807 2907 960 2992 quoniam
983 2906 1026 2970 ab
1053 2927 1119 2970 om-

110 3013 200 3076 nium
220 3034 316 3097 super
334 3012 445 3078 eirouli
463 3013 647 3097 periferiam
666 3012 938 3097 transpositarum
956 3017 1118 3077 rectarum

111 3118 245 3182 minima
259 3120 436 3203 apparebit.
465 3120 704 3205 coniungantur
718 3119 804 3184 eninr
822 3122 871 3204 ed,
884 3141 935 3204 pa,
946 3119 998 3202 ph,
1011 3118 1057 3203 eh,
1070 3138 1117 3184 ae.

111 3226 265 3307 quoniam
288 3246 365 3312 ergo
392 3231 480 3291 reeta
504 3249 546 3309 qe
575 3232 681 3291 reetae
704 3227 747 3291 uh
775 3225 947 3311 parallelos
976 3224 1116 3289 existens

110 3334 159 3394 est
187 3335 220 3396 et
248 3331 405 3416 aequalis,
438 3337 471 3397 et
498 3337 587 3398 reeta
610 3355 687 3419 ergo
711 3355 752 3398 eu
778 3336 885 3397 rectae
906 3333 949 3413 pb
973 3331 1116 3414 aequalis
1136 3344 1165 3392 3·

182 3468 223 3517 22.
237 3463 285 3534 pl]
305 3479 353 3518 eor.
368 3465 409 3535 pi.
466 3469 506 3519 25.
521 3464 689 3534 paralellam
703 3465 741 3519 D.
797 3469 840 3518 29.
855 3462 944 3534 reeta]
958 3464 1065 3516 rectam
1078 3461 1117 3517 1).
