2334 3788
174 752 256 818 Cum
284 775 334 837 ea,
366 774 447 837 quae
476 752 516 816 ad
542 752 650 816 uisum
678 752 837 836 adtinent,
869 734 1141 831 demonstraret,-

104 859 380 924 considerationes
404 859 559 942 quasdam
581 858 747 922 adferebat
765 858 904 942 amplius
924 858 1114 923 confirmare

105 967 254 1050 studens,
281 987 410 1029 omnem
435 965 541 1029 lucem
569 965 744 1029 secundum
770 969 875 1030 rectas
903 965 1004 1030 lineas
1027 965 1115 1029 ferri.

104 1073 203 1137 huius
231 1072 317 1137 enim
344 1071 390 1136 rei
418 1070 595 1135 maximum
623 1071 852 1136 documentum
879 1076 912 1136 et
938 1071 1071 1135 umbras
1094 1093 1114 1135 a

104 1179 297 1263 corporibus
314 1178 417 1244 iactas
436 1183 469 1243 11
486 1178 603 1262 radios,
627 1178 682 1261 qui
700 1200 757 1262 per
775 1178 933 1242 fenestras
949 1179 1113 1261 rimasque

103 1286 264 1369 feruntur,
287 1285 399 1348 adfert.
439 1307 515 1349 nam
537 1285 618 1350 haec
641 1285 750 1349 omnia
772 1285 820 1348 ita
842 1306 908 1348 non
930 1285 1054 1370 fierent,
1076 1288 1113 1350 ut

105 1413 192 1457 nune
206 1390 277 1455 fieri
292 1395 474 1476 cernuntur,
487 1390 551 1456 nisi
565 1390 656 1476 radii,
671 1391 726 1474 qui
741 1413 758 1455 1
773 1391 840 1455 1111
854 1391 1113 1476 proficiscuntur,

105 1498 282 1563 seeundum
310 1502 414 1562 rectas
448 1498 602 1582 quasdam
629 1497 798 1563 ferrentur.
849 1501 882 1562 11
909 1497 945 1561 in
970 1497 1113 1583 ignibus,

105 1605 162 1688 qui
190 1604 276 1687 apud
302 1624 362 1668 nos
390 1607 478 1686 sunt,
510 1604 617 1668 radios
640 1604 881 1688 proficiscentes
905 1626 1018 1669 causas
1042 1624 1112 1668 esse

104 1711 286 1795 dictitabat,
310 1732 366 1775 cur
385 1710 542 1793 quaedam
561 1730 732 1794 corporum
751 1711 953 1776 obiectorum
971 1710 1112 1774 illustra-

104 1821 217 1881 rentur
236 1821 268 1881 et
287 1817 418 1881 umbras
436 1817 580 1881 iacerent
596 1816 717 1900 partim
731 1816 921 1901 corporibus
934 1815 1113 1900 propositis

105 1923 270 2007 aequales,
296 1923 418 2007 partim
441 1923 593 2007 maiores,
614 1921 735 2006 partim
758 1922 899 1987 minores
923 1921 1112 2006 corporibus

104 2029 292 2113 propositis.
328 2033 361 2093 et
380 2029 529 2113 aequales
548 2030 680 2094 umbras
699 2050 736 2092 ea
749 2028 864 2114 iacere,
883 2050 963 2114 quae
980 2028 1113 2113 ignibus

104 2134 346 2200 illustrantibus
370 2136 518 2219 aequalia
545 2138 666 2219 essent,
699 2140 732 2199 et
757 2134 794 2198 in
819 2135 860 2199 iis
888 2134 1045 2220 accidere,
1076 2139 1113 2199 ut

105 2237 188 2305 radii
215 2242 350 2306 extremi
377 2242 524 2326 paralleli
550 2243 665 2307 fierent
697 2246 730 2306 et
754 2263 859 2327 neque
890 2241 954 2325 ipsi
982 2263 1114 2307 coneur-

105 2352 212 2412 rentes
231 2350 380 2415 umbram
399 2348 613 2413 diminuerent
630 2370 734 2433 neque
752 2370 830 2412 uero
850 2370 884 2412 se
899 2348 1113 2424 diffundentes

106 2458 277 2539 augerent3
315 2456 370 2520 scd
406 2456 499 2539 quale
536 2459 621 2520 11111
657 2454 706 2539 id,
743 2454 830 2537 quod
860 2454 926 2519 luci
959 2454 1113 2538 officeret,

105 2560 205 2625 talem
227 2560 325 2626 etiam
348 2583 403 2625 111
427 2562 560 2625 umbrae
583 2582 768 2626 mensuram
788 2581 925 2625 seruare.
970 2561 1111 2625 minores

105 2688 183 2730 1111
212 2667 401 2751 corporibus
429 2668 561 2732 umbrae
590 2672 679 2752 sunt,
710 2666 767 2730 ubi
794 2667 887 2752 ignes
909 2667 1112 2731 illustrantes

105 2772 245 2836 maiores
274 2776 362 2858 sunt,
389 2795 465 2836 nam
492 2770 599 2836 radios
628 2775 789 2836 extremos
815 2770 902 2835 inter
925 2793 959 2835 se
983 2792 1115 2836 coneur-

176 2964 217 3017 De
236 2963 290 3017 hae
308 2962 495 3032 praefatione,
519 2961 641 3016 Theonis
666 2962 725 3016 sine
748 2961 833 3016 dubio
857 2979 874 3016 a
893 2961 1031 3031 discipulo
1049 2976 1114 3030 per-

106 3034 219 3103 scripta,
235 3053 261 3088 1.
273 3034 391 3088 Studien
401 3034 471 3087 tiber
480 3033 584 3086 Euklid
594 3052 622 3102 p.
635 3038 782 3102 138-145‚
795 3032 845 3086 ubi
856 3035 965 3087 textum
975 3031 1114 3087 Graecum

105 3109 134 3159 et
152 3104 310 3160 uersionem
329 3105 497 3160 Germanam
516 3103 604 3174 edidi,
624 3105 673 3158 sed
693 3120 745 3173 ope
764 3103 892 3158 codicum
911 3101 1072 3157 destitutus,

105 3282 162 3338 ἐστί
181 3285 245 3339 add.
264 3285 301 3347 ὡς
320 3281 482 3354 συμβαίνειν
501 3301 537 3338 m.
556 3298 610 3336 rec.
630 3283 664 3338 V.
746 3286 786 3337 15.
807 3277 983 3353 συμβαίνειν]
1002 3278 1057 3334 del.
1076 3296 1115 3335 111.

104 3371 158 3410 rec.
173 3356 206 3411 V.
277 3362 317 3411 16,
337 3352 469 3425 γίνεσθαι
485 3372 512 3423 p.
586 3358 626 3408 18.
646 3353 714 3407 Post
731 3350 781 3408 καί
799 3352 862 3406 add.
880 3350 933 3422 τήν
950 3369 987 3406 m.
1006 3366 1060 3408 rec.
1078 3348 1121 3437 V..

159 3454 309 3509 Euclides,
324 3455 373 3495 edd.
385 3453 488 3507 Helbarg
502 3455 525 3494 et
538 3452 631 3506 Manus.
649 3451 708 3494 Vll.
928 3443 971 3492 &b
