2334 3788
90 113 152 179 128
314 114 471 168 soflom
488 115 528 169 m
545 116 714 169 εοοοιοιε
733 115 870 170 0ch.

89 258 197 342 ηὑπὸ
221 263 336 324 ΠΡΑ·
364 257 503 343 ἀμβλεῖα
525 259 602 345 γάρ·
630 259 650 344 ἡ
673 261 736 346 γάρ
760 265 828 325 AP
850 261 933 346 πρὸς
955 261 1018 343 τὴν
1040 259 1103 333 ΡΞ

94 365 184 430 ε’στιν
207 364 305 451 ὀρθή,
328 364 369 429 οὐ
392 366 458 449 μὴν
480 362 536 429 καὶ
558 365 641 451 πρὸς
662 367 723 449 τὴν
742 369 821 450 ΠΒ,
844 364 895 430 ὅτι
917 362 1000 449 μηδὲ
1017 367 1102 452 πρὸς

89 474 126 537 τὸ
146 471 302 537 ἐπίπεδόν
321 471 412 536 ἐστιν
431 471 530 558 ὀρθή,
553 472 609 536 ἵνα
626 470 782 557 καὶπρὸς
800 472 907 549 πάσας
925 473 983 548 τὰς
1002 471 1102 536 ἀπτο-

89 577 190 664 μίνας
216 589 294 665 ποιῇ
323 577 429 664 ὀρθάς
455 581 592 663 γωνίας,
621 577 703 644 ἀλλά
730 578 875 644 κέκλιται
902 579 985 665 πρὸς
1008 579 1102 663 αὐτό,

56 688 149 751 σκαί
168 683 258 750 ἐστιν
281 684 301 768 ἡ
324 688 431 762 κλίσις
453 683 541 763 ὀξεῖα
563 689 669 768 γωνία
691 685 712 769 ἡ
735 686 800 751 ὑπὸ
824 691 934 751 ΒΡΑ·
962 685 1102 770 ἀμβλεῖα

91 793 155 879 ἀρα
178 791 199 875 ἠ
222 791 286 857 ὑπὸ
310 795 421 856 ΠΡΛ.
468 796 586 877 μείζων
613 795 677 879 ἀρα
700 792 720 876 η
744 798 816 858 ΠΛ
843 802 901 876 τῆς
923 797 1003 857 ΑΡ·
1035 792 1101 857 ὑπὸ

93 899 157 984 γάρ
184 899 245 983 την
271 902 402 983 μείζονα
428 902 555 981 γωνίαν
582 899 603 983 ἡ
630 904 747 984 μείζων
773 901 899 986 πλενρά
926 899 1102 965 ὑποτείνει.

92 1008 210 1090 μείζων
234 1002 269 1070 δὲ
292 1004 347 1070 καὶ
370 1004 390 1089 ἡ
410 1011 486 1071 AN
504 1014 562 1090 τῆς
580 1007 659 1080 ΑΞ·
684 1005 753 1072 ἐπεὶ
771 1008 834 1091 γὰρ
854 1008 891 1071 αί
906 1006 971 1072 ὑπὸ
989 1011 1103 1071 ΝΠΑ

92 1110 148 1176 καὶ
169 1112 234 1178 ὑπὸ
254 1114 350 1188 ΞΡΑ
373 1112 477 1199 ὀρθαί
497 1116 593 1197 είσιν,
616 1113 750 1198 ἐδείχθη
774 1110 810 1178 δὲ
829 1112 849 1196 η
868 1117 940 1178 ΠΛ
962 1122 1020 1196 τῆς
1039 1116 1107 1177 AP

42 1234 76 1284 10
93 1222 223 1305 μείζων·
247 1221 330 1285 ὥστε
352 1218 408 1284 καὶ
430 1221 468 1285 τὸ
490 1223 833 1307 παραλληλόγραμμον
855 1220 893 1284 τὸ
911 1219 975 1284 ὑπὸ
994 1222 1034 1282 Ν
1035 1223 1103 1282 ΠΑ

92 1434 223 1517 μείζων·
256 1433 425 1518 διάμετροι
453 1431 493 1497 δέ
514 1435 578 1498 είσι
604 1443 672 1498 τῶν
694 1432 1046 1519 παραλληλογράμμων
1069 1432 1106 1496 αί

92 1543 173 1622 NA,
193 1539 270 1612 ΞΑ·
303 1538 402 1623 ἡμίση
426 1540 489 1625 γάρ
511 1540 640 1605 τούτων
662 1541 703 1604 τά
725 1543 879 1626 τρίγωνα.
925 1540 1022 1621 ὥστε,
1046 1535 1104 1602 ἐδιν

93 1644 193 1728 ἡΡΞ
207 1657 353 1710 πεσεῖται
372 1643 425 1710 ἐπὶ
443 1648 504 1730 τὴν
518 1652 557 1711 Π
557 1651 602 1730 Ν,
622 1644 815 1732 ἐφαρμόσει·
836 1652 889 1729 ἴση
908 1646 972 1731 γάρ
986 1645 1103 1729 ταύτη·

42 1764 75 1813 15
94 1749 150 1816 καὶ
172 1753 209 1817 αί
225 1756 294 1836 ΡΑ,
312 1752 380 1827 ΑΞ
400 1751 492 1829 ἐντὸς
513 1761 693 1818 πεσοῦνται
715 1763 783 1817 τῶν
801 1757 988 1835 A11‚AN·
1013 1750 1103 1816 ε’λάτ-

96 1882 190 1936 τονες
212 1860 275 1944 γάρ
299 1858 417 1923 αὐτῶν.
456 1860 538 1924 ὥστε
562 1860 677 1924 διὰτὸ
700 1858 755 1923 κα’
777 1868 838 1923 τοῦ
861 1856 894 1923 α’
918 1868 985 1922 τῶν
1004 1862 1103 1921 Στοι-

97 1968 195 2048 χείων
218 1968 336 2050 μείζων
359 1968 449 2031 ἔσται
468 1966 488 2051 ἡ
505 1965 571 2031 ὑπὸ
590 1966 685 2040 ΡΑΞ
704 1968 809 2049 γωνία
827 1973 885 2049 τῆς
902 1965 967 2029 ὑπὸ
986 1967 1102 2038 ΠΑΝ.

161 2073 211 2137 ὅτι
225 2068 262 2136 δὲ
276 2071 296 2155 ἡ
310 2073 376 2137 ὑπὸ
391 2078 489 2138 ΠΡΛ
503 2075 608 2156 γωνία
622 2073 760 2158 ἀμβλεῖα
775 2071 874 2156 ἐστιν,
889 2071 1104 2155 ἐκδηλότερον

96 2177 181 2243 οὕτω
202 2180 424 2262 δειχθήσεται·
448 2177 517 2244 ἐπεὶ
535 2180 572 2244 τὸ
591 2184 693 2244 ΑΒΡ
711 2183 875 2265 τρίγωνον
894 2178 1104 2261 ὀρθογώνιον

44 2297 78 2346 10
97 2282 199 2349 ἐστιν·
224 2283 311 2369 ὀρθη
334 2286 397 2370 γάρ
421 2284 441 2368 ἡ
464 2287 547 2371 πρὸς
565 2295 610 2372 τῷ
630 2289 671 2349 Β·
695 2284 786 2362 ἐκτὸς
810 2282 847 2349 δὲ
869 2284 972 2349 αὐτοῦ
995 2280 1015 2364 η
1038 2283 1103 2346 ὑπὸ

96 2395 204 2474 ΠΡΛ,
227 2394 344 2475 μείζων
363 2393 453 2455 ἔσται
472 2399 530 2474 τῆς
548 2390 640 2467 ἐντὸς
658 2390 713 2456 καὶ
732 2391 942 2455 ἀπεναντίον·
967 2389 1104 2473 ἀμβλεῖα

97 2498 169 2582 ἀρα.
224 2496 307 2561 ἀλλά
337 2493 393 2560 καὶ
424 2498 589 2582 τριγώνου
619 2506 678 2561 τοῦ
707 2497 815 2570 AEN
842 2494 862 2578 η
894 2496 977 2581 πρὸς
1003 2504 1049 2582 τῷ
1078 2495 1108 2568 Ξ

99 2607 204 2685 γωνία
222 2605 340 2687 μείζων
359 2612 416 2687 τῆς
433 2603 515 2687 πρὸς
532 2612 578 2690 τῷ
598 2608 648 2669 Ν·
672 2605 755 2669 ὥστε
773 2602 828 2668 καὶ
846 2601 867 2685 η
886 2602 1106 2667 ὑποτείνουσα

97 2711 158 2793 τὴν
176 2703 307 2793 Ιμείζονα
325 2713 452 2791 γωνίαν
467 2712 593 2793 με’ίζων.
626 2709 724 2795 ηάρα
739 2715 815 2774 AN
828 2712 947 2794 μείζων
960 2717 1018 2792 τῆς
1031 2714 1063 2772 Α
1069 2707 1105 2780 Ξ.

47 2845 80 2894 25
167 2834 217 2898 19.
250 2835 343 2920 Πρὸς
367 2833 472 2920 ὀρθὰς
495 2839 617 2917 γωνίας
636 2841 704 2900 ίσαι
726 2859 756 2919 p.
778 2831 903 2920 12,18]
927 2836 958 2898 εί
975 2833 1038 2918 γάρ
1057 2856 1107 2907 τις

99 2946 195 3024 είποι,
218 2941 263 3015 ὡς
285 2939 305 3023 ἡ
324 2944 398 3005 ΗΓ
415 2941 557 3018 κάθετός
579 2940 647 3030 ἐστι
669 2942 752 3026 πρὸς
775 2942 835 3024 τὴν
855 2944 926 3024 ΓΔ,
949 2939 1107 3015 ὡσαύτως

100 3043 137 3111 δὲ
159 3045 215 3111 καὶ
237 3047 257 3132 ἡ
283 3052 343 3111 ΖΒ
370 3049 453 3134 πρὸς
475 3050 536 3132 τὴν
560 3053 635 3131 BA,
668 3049 771 3132 δῆλον
798 3051 888 3112 ἔσται
911 3048 948 3112 τὸ
972 3047 1105 3111 ἀτοπον.

171 3265 211 3313 19.
231 3259 278 3328 V2‚
298 3259 428 3314 deletum.

172 3478 213 3526 19.
233 3473 306 3526 Ante
324 3476 405 3526 ΑΒΡ
421 3472 474 3528 del.
494 3470 556 3527 ἀπό.
