<?xml version="1.0" encoding="UTF-8"?>
<!DOCTYPE html PUBLIC "-//W3C//DTD XHTML 1.0 Transitional//EN"
    "http://www.w3.org/TR/xhtml1/DTD/xhtml1-transitional.dtd">
<html xmlns="http://www.w3.org/1999/xhtml" xml:lang="en" lang="en">
 <head>
  <title>
</title>
<meta http-equiv="Content-Type" content="text/html;charset=utf-8" />
  <meta name='ocr-system' content='tesseract 3.04.00' />
  <meta name='ocr-capabilities' content='ocr_page ocr_carea ocr_par ocr_line ocrx_word'/>
</head>
<body>
  <div class='ocr_page' id='page_1' title='image "./euclidisoperaom13unkngoog_0041.png"; bbox 0 0 2334 3788; ppageno 0'>
   <div class='ocr_carea' id='block_1_1' title="bbox 96 109 743 165">
    <p class='ocr_par' dir='ltr' id='par_1_1' title="bbox 96 109 743 165">
     <span class='ocr_line' id='line_1_1' title="bbox 96 109 743 165; baseline 0.003 -2"><span class='ocrx_word' id='word_1_1' title='bbox 96 109 239 165; x_wconf 87' lang='lat' dir='ltr'>XXXVIII</span> <span class='ocrx_word' id='word_1_2' title='bbox 464 112 743 165; x_wconf 75' lang='lat' dir='ltr'>PROLDGOMENA.</span> 
     </span>
    </p>
   </div>
   <div class='ocr_carea' id='block_1_2' title="bbox 55 251 1120 1268">
    <p class='ocr_par' dir='ltr' id='par_1_2' title="bbox 55 251 1120 1268">
     <span class='ocr_line' id='line_1_2' title="bbox 96 251 1111 324; baseline 0.002 -18"><span class='ocrx_word' id='word_1_3' title='bbox 96 251 221 321; x_wconf 91' lang='lat' dir='ltr'><strong>positum</strong></span> <span class='ocrx_word' id='word_1_4' title='bbox 239 254 291 321; x_wconf 90' lang='lat' dir='ltr'><strong>est,</strong></span> <span class='ocrx_word' id='word_1_5' title='bbox 309 267 368 305; x_wconf 87' lang='lat' dir='ltr'><strong>rem</strong></span> <span class='ocrx_word' id='word_1_6' title='bbox 387 251 439 304; x_wconf 90' lang='lat' dir='ltr'><strong>sub</strong></span> <span class='ocrx_word' id='word_1_7' title='bbox 458 251 587 320; x_wconf 87' lang='lat' dir='ltr'><strong>quolibet</strong></span> <span class='ocrx_word' id='word_1_8' title='bbox 605 253 710 323; x_wconf 85' lang='lat' dir='ltr'><strong>angulo</strong></span> <span class='ocrx_word' id='word_1_9' title='bbox 724 272 781 309; x_wconf 88' lang='lat' dir='ltr'><strong>non</strong></span> <span class='ocrx_word' id='word_1_10' title='bbox 794 254 893 323; x_wconf 90' lang='lat' dir='ltr'><strong>uideri,</strong></span> <span class='ocrx_word' id='word_1_11' title='bbox 914 254 968 308; x_wconf 91' lang='lat' dir='ltr'><strong>erit</strong></span> <span class='ocrx_word' id='word_1_12' title='bbox 983 253 1111 324; x_wconf 89' lang='lat' dir='ltr'><strong>accipere</strong></span> 
     </span>
     <span class='ocr_line' id='line_1_3' title="bbox 98 331 935 402; baseline 0.002 -16"><span class='ocrx_word' id='word_1_13' title='bbox 98 331 223 400; x_wconf 80' lang='lat' dir='ltr'><strong>aliquem</strong></span> <span class='ocrx_word' id='word_1_14' title='bbox 241 331 384 402; x_wconf 75' lang='lat' dir='ltr'><strong>angulum,</strong></span> <span class='ocrx_word' id='word_1_15' title='bbox 404 331 456 386; x_wconf 89' lang='lat' dir='ltr'><strong>sub</strong></span> <span class='ocrx_word' id='word_1_16' title='bbox 475 348 531 400; x_wconf 93' lang='lat' dir='ltr'><strong>quo</strong></span> <span class='ocrx_word' id='word_1_17' title='bbox 551 347 660 402; x_wconf 83' lang='lat' dir='ltr'><strong>semper</strong></span> <span class='ocrx_word' id='word_1_18' title='bbox 677 351 734 389; x_wconf 91' lang='lat' dir='ltr'><strong>non</strong></span> <span class='ocrx_word' id='word_1_19' title='bbox 752 334 865 388; x_wconf 90' lang='lat' dir='ltr'><strong>uidetur</strong></span> <span class='ocrx_word' id='word_1_20' title='bbox 882 350 935 388; x_wconf 89' lang='lat' dir='ltr'><strong>res.</strong></span> 
     </span>
     <span class='ocr_line' id='line_1_4' title="bbox 168 411 1110 483; baseline 0.004 -17"><span class='ocrx_word' id='word_1_21' title='bbox 168 412 206 466; x_wconf 92' lang='lat' dir='ltr'><strong>sit</strong></span> <span class='ocrx_word' id='word_1_22' title='bbox 218 412 307 482; x_wconf 82' lang='lat' dir='ltr'><strong>igitur</strong></span> <span class='ocrx_word' id='word_1_23' title='bbox 320 411 440 482; x_wconf 79' lang='lat' dir='ltr'><strong>angulus</strong></span> <span class='ocrx_word' id='word_1_24' title='bbox 454 413 519 467; x_wconf 81' lang='lat' dir='ltr'><strong>abd</strong></span> <span class='ocrx_word' id='word_1_25' title='bbox 531 411 663 467; x_wconf 90' lang='lat' dir='ltr'><strong>minimus</strong></span> <span class='ocrx_word' id='word_1_26' title='bbox 678 414 799 483; x_wconf 82' lang='lat' dir='ltr'><strong>angulus</strong></span> <span class='ocrx_word' id='word_1_27' title='bbox 814 414 1016 469; x_wconf 86' lang='lat' dir='ltr'><strong>determinatus</strong></span> <span class='ocrx_word' id='word_1_28' title='bbox 1026 415 1110 470; x_wconf 88' lang='lat' dir='ltr'><strong>uisui.</strong></span> 
     </span>
     <span class='ocr_line' id='line_1_5' title="bbox 98 490 1113 563; baseline 0.005 -17"><span class='ocrx_word' id='word_1_29' title='bbox 98 493 246 563; x_wconf 83' lang='lat' dir='ltr'><strong>elongetur</strong></span> <span class='ocrx_word' id='word_1_30' title='bbox 263 492 351 562; x_wconf 82' lang='lat' dir='ltr'><strong>igitur</strong></span> <span class='ocrx_word' id='word_1_31' title='bbox 368 494 411 547; x_wconf 84' lang='lat' dir='ltr'><strong>od</strong></span> <span class='ocrx_word' id='word_1_32' title='bbox 433 490 524 561; x_wconf 89' lang='lat' dir='ltr'><strong>magis</strong></span> <span class='ocrx_word' id='word_1_33' title='bbox 543 492 580 546; x_wconf 88' lang='lat' dir='ltr'><strong>ab</strong></span> <span class='ocrx_word' id='word_1_34' title='bbox 600 493 681 549; x_wconf 92' lang='lat' dir='ltr'><strong>oculo</strong></span> <span class='ocrx_word' id='word_1_35' title='bbox 701 497 730 549; x_wconf 90' lang='lat' dir='ltr'><strong>et</strong></span> <span class='ocrx_word' id='word_1_36' title='bbox 748 512 793 562; x_wconf 82' lang='lat' dir='ltr'><strong>ec,</strong></span> <span class='ocrx_word' id='word_1_37' title='bbox 816 511 871 563; x_wconf 89' lang='lat' dir='ltr'><strong>que</strong></span> <span class='ocrx_word' id='word_1_38' title='bbox 890 495 1052 563; x_wconf 89' lang='lat' dir='ltr'><strong>equedistet</strong></span> <span class='ocrx_word' id='word_1_39' title='bbox 1069 498 1113 551; x_wconf 83' lang='lat' dir='ltr'><strong>od</strong></span> 
     </span>
     <span class='ocr_line' id='line_1_6' title="bbox 70 571 1113 644; baseline 0.004 -19"><span class='ocrx_word' id='word_1_40' title='bbox 70 573 83 613; x_wconf 85' lang='lat'>5</span> <span class='ocrx_word' id='word_1_41' title='bbox 98 572 129 626; x_wconf 90' lang='lat' dir='ltr'><strong>in</strong></span> <span class='ocrx_word' id='word_1_42' title='bbox 147 571 235 642; x_wconf 88' lang='lat' dir='ltr'><strong>priori</strong></span> <span class='ocrx_word' id='word_1_43' title='bbox 253 572 318 641; x_wconf 89' lang='lat' dir='ltr'><strong>situ,</strong></span> <span class='ocrx_word' id='word_1_44' title='bbox 337 575 367 626; x_wconf 92' lang='lat' dir='ltr'><strong>et</strong></span> <span class='ocrx_word' id='word_1_45' title='bbox 380 572 500 626; x_wconf 85' lang='lat' dir='ltr'><strong>ducatur</strong></span> <span class='ocrx_word' id='word_1_46' title='bbox 518 573 552 627; x_wconf 81' lang='lat' dir='ltr'><strong>be</strong></span> <span class='ocrx_word' id='word_1_47' title='bbox 569 575 612 628; x_wconf 82' lang='lat' dir='ltr'><strong>bc.</strong></span> <span class='ocrx_word' id='word_1_48' title='bbox 641 573 709 642; x_wconf 88' lang='lat' dir='ltr'><strong>quia</strong></span> <span class='ocrx_word' id='word_1_49' title='bbox 728 591 794 644; x_wconf 85' lang='lat' dir='ltr'><strong>ergo</strong></span> <span class='ocrx_word' id='word_1_50' title='bbox 809 573 929 644; x_wconf 80' lang='lat' dir='ltr'><strong>angulus</strong></span> <span class='ocrx_word' id='word_1_51' title='bbox 948 578 1002 630; x_wconf 84' lang='lat' dir='ltr'><strong>ebo</strong></span> <span class='ocrx_word' id='word_1_52' title='bbox 1020 574 1113 629; x_wconf 90' lang='lat' dir='ltr'><strong>minor</strong></span> 
     </span>
     <span class='ocr_line' id='line_1_7' title="bbox 98 651 1110 723; baseline 0.003 -17"><span class='ocrx_word' id='word_1_53' title='bbox 98 655 142 707; x_wconf 85' lang='lat' dir='ltr'><strong>est</strong></span> <span class='ocrx_word' id='word_1_54' title='bbox 170 653 274 723; x_wconf 88' lang='lat' dir='ltr'><strong>angulo</strong></span> <span class='ocrx_word' id='word_1_55' title='bbox 300 654 375 720; x_wconf 78' lang='lat' dir='ltr'><strong>ooo,</strong></span> <span class='ocrx_word' id='word_1_56' title='bbox 404 651 524 722; x_wconf 76' lang='lat' dir='ltr'><strong>angulus</strong></span> <span class='ocrx_word' id='word_1_57' title='bbox 547 655 602 709; x_wconf 82' lang='lat' dir='ltr'><strong>ebc</strong></span> <span class='ocrx_word' id='word_1_58' title='bbox 627 670 685 708; x_wconf 91' lang='lat' dir='ltr'><strong>non</strong></span> <span class='ocrx_word' id='word_1_59' title='bbox 712 653 766 708; x_wconf 86' lang='lat' dir='ltr'><strong>erit</strong></span> <span class='ocrx_word' id='word_1_60' title='bbox 793 653 994 708; x_wconf 88' lang='lat' dir='ltr'><strong>determinatus</strong></span> <span class='ocrx_word' id='word_1_61' title='bbox 1027 653 1110 709; x_wconf 87' lang='lat' dir='ltr'><strong>uisui.</strong></span> 
     </span>
     <span class='ocr_line' id='line_1_8' title="bbox 98 731 1120 802; baseline 0.002 -16"><span class='ocrx_word' id='word_1_62' title='bbox 98 750 185 800; x_wconf 89' lang='lat' dir='ltr'><strong>quare</strong></span> <span class='ocrx_word' id='word_1_63' title='bbox 203 750 260 787; x_wconf 88' lang='lat' dir='ltr'><strong>non</strong></span> <span class='ocrx_word' id='word_1_64' title='bbox 278 731 405 786; x_wconf 89' lang='lat' dir='ltr'><strong>incident</strong></span> <span class='ocrx_word' id='word_1_65' title='bbox 422 731 501 784; x_wconf 90' lang='lat' dir='ltr'><strong>uisus</strong></span> <span class='ocrx_word' id='word_1_66' title='bbox 520 732 557 785; x_wconf 91' lang='lat' dir='ltr'><strong>ad</strong></span> <span class='ocrx_word' id='word_1_67' title='bbox 574 749 615 788; x_wconf 84' lang='lat' dir='ltr'><strong>ec.</strong></span> <span class='ocrx_word' id='word_1_68' title='bbox 646 751 733 802; x_wconf 89' lang='lat' dir='ltr'><strong>quare</strong></span> <span class='ocrx_word' id='word_1_69' title='bbox 751 751 808 788; x_wconf 92' lang='lat' dir='ltr'><strong>non</strong></span> <span class='ocrx_word' id='word_1_70' title='bbox 825 733 970 789; x_wconf 88' lang='lat' dir='ltr'><strong>uidebitur</strong></span> <span class='ocrx_word' id='word_1_71' title='bbox 988 751 1028 802; x_wconf 84' lang='lat' dir='ltr'><strong>ec,</strong></span> <span class='ocrx_word' id='word_1_72' title='bbox 1048 749 1120 788; x_wconf 89' lang='lat' dir='ltr'><strong>cum</strong></span> 
     </span>
     <span class='ocr_line' id='line_1_9' title="bbox 95 810 1113 883; baseline 0.003 -17"><span class='ocrx_word' id='word_1_73' title='bbox 95 812 220 881; x_wconf 89' lang='lat' dir='ltr'><strong>positum</strong></span> <span class='ocrx_word' id='word_1_74' title='bbox 238 812 276 866; x_wconf 91' lang='lat' dir='ltr'><strong>sit</strong></span> <span class='ocrx_word' id='word_1_75' title='bbox 294 811 325 865; x_wconf 88' lang='lat' dir='ltr'><strong>in</strong></span> <span class='ocrx_word' id='word_1_76' title='bbox 342 818 367 866; x_wconf 89' lang='lat'><strong>4.</strong></span> <span class='ocrx_word' id='word_1_77' title='bbox 386 810 533 880; x_wconf 88' lang='lat' dir='ltr'><strong>petitione,</strong></span> <span class='ocrx_word' id='word_1_78' title='bbox 552 828 586 866; x_wconf 88' lang='lat' dir='ltr'><strong>ea</strong></span> <span class='ocrx_word' id='word_1_79' title='bbox 604 812 709 883; x_wconf 87' lang='lat' dir='ltr'><strong>uideri,</strong></span> <span class='ocrx_word' id='word_1_80' title='bbox 729 814 766 868; x_wconf 87' lang='lat' dir='ltr'><strong>ad</strong></span> <span class='ocrx_word' id='word_1_81' title='bbox 784 831 839 882; x_wconf 92' lang='lat' dir='ltr'><strong>que</strong></span> <span class='ocrx_word' id='word_1_82' title='bbox 857 812 935 868; x_wconf 91' lang='lat' dir='ltr'><strong>uisus</strong></span> <span class='ocrx_word' id='word_1_83' title='bbox 954 813 1064 883; x_wconf 77' lang='lat' dir='ltr'>incidit,</span> <span class='ocrx_word' id='word_1_84' title='bbox 1083 818 1113 869; x_wconf 91' lang='lat' dir='ltr'><strong>et</strong></span> 
     </span>
     <span class='ocr_line' id='line_1_10' title="bbox 96 889 1112 964; baseline 0 -17"><span class='ocrx_word' id='word_1_85' title='bbox 96 909 130 947; x_wconf 87' lang='lat' dir='ltr'><strong>ea</strong></span> <span class='ocrx_word' id='word_1_86' title='bbox 148 910 206 947; x_wconf 91' lang='lat' dir='ltr'><strong>non</strong></span> <span class='ocrx_word' id='word_1_87' title='bbox 223 892 323 960; x_wconf 88' lang='lat' dir='ltr'><strong>uideri,</strong></span> <span class='ocrx_word' id='word_1_88' title='bbox 343 891 381 945; x_wconf 91' lang='lat' dir='ltr'><strong>ad</strong></span> <span class='ocrx_word' id='word_1_89' title='bbox 398 906 453 958; x_wconf 88' lang='lat' dir='ltr'><strong>que</strong></span> <span class='ocrx_word' id='word_1_90' title='bbox 471 889 549 944; x_wconf 90' lang='lat' dir='ltr'><strong>uisus</strong></span> <span class='ocrx_word' id='word_1_91' title='bbox 567 910 624 947; x_wconf 92' lang='lat' dir='ltr'><strong>non</strong></span> <span class='ocrx_word' id='word_1_92' title='bbox 638 893 726 948; x_wconf 88' lang='lat' dir='ltr'><strong>uadit.</strong></span> <span class='ocrx_word' id='word_1_93' title='bbox 755 895 798 948; x_wconf 87' lang='lat' dir='ltr'><strong>da</strong></span> <span class='ocrx_word' id='word_1_94' title='bbox 816 893 904 963; x_wconf 88' lang='lat' dir='ltr'><strong>igitur</strong></span> <span class='ocrx_word' id='word_1_95' title='bbox 918 893 1006 947; x_wconf 86' lang='lat' dir='ltr'><strong>habet</strong></span> <span class='ocrx_word' id='word_1_96' title='bbox 1020 893 1112 964; x_wconf 82' lang='lat' dir='ltr'><strong>longi·</strong></span> 
     </span>
     <span class='ocr_line' id='line_1_11' title="bbox 55 968 1112 1042; baseline 0.001 -16"><span class='ocrx_word' id='word_1_97' title='bbox 55 976 81 1014; x_wconf 87' lang='lat'><strong>1⁰</strong></span> <span class='ocrx_word' id='word_1_98' title='bbox 95 972 224 1027; x_wconf 76' lang='lat' dir='ltr'><strong>tudinem</strong></span> <span class='ocrx_word' id='word_1_99' title='bbox 247 971 346 1042; x_wconf 90' lang='lat' dir='ltr'><strong>spatii,</strong></span> <span class='ocrx_word' id='word_1_100' title='bbox 375 985 430 1037; x_wconf 91' lang='lat' dir='ltr'><strong>quo</strong></span> <span class='ocrx_word' id='word_1_101' title='bbox 453 968 530 1024; x_wconf 89' lang='lat' dir='ltr'><strong>facto</strong></span> <span class='ocrx_word' id='word_1_102' title='bbox 552 970 610 1025; x_wconf 91' lang='lat' dir='ltr'><strong>iam</strong></span> <span class='ocrx_word' id='word_1_103' title='bbox 631 989 688 1026; x_wconf 91' lang='lat' dir='ltr'><strong>non</strong></span> <span class='ocrx_word' id='word_1_104' title='bbox 706 972 862 1040; x_wconf 83' lang='lat' dir='ltr'><strong>uidebitur;</strong></span> <span class='ocrx_word' id='word_1_105' title='bbox 891 973 967 1040; x_wconf 90' lang='lat' dir='ltr'><strong>quod</strong></span> <span class='ocrx_word' id='word_1_106' title='bbox 985 976 1029 1027; x_wconf 90' lang='lat' dir='ltr'><strong>est</strong></span> <span class='ocrx_word' id='word_1_107' title='bbox 1047 990 1112 1042; x_wconf 92' lang='lat' dir='ltr'><strong>pro·</strong></span> 
     </span>
     <span class='ocr_line' id='line_1_12' title="bbox 94 1048 884 1121; baseline 0 -15"><span class='ocrx_word' id='word_1_108' title='bbox 94 1052 226 1121; x_wconf 82' lang='lat' dir='ltr'><strong>positum,</strong></span> <span class='ocrx_word' id='word_1_109' title='bbox 246 1055 275 1106; x_wconf 93' lang='lat' dir='ltr'><strong>et</strong></span> <span class='ocrx_word' id='word_1_110' title='bbox 293 1048 548 1105; x_wconf 81' lang='lat' dir='ltr'><strong>demonstrabimus</strong></span> <span class='ocrx_word' id='word_1_111' title='bbox 566 1067 616 1121; x_wconf 93' lang='lat' dir='ltr'><strong>per</strong></span> <span class='ocrx_word' id='word_1_112' title='bbox 634 1051 686 1106; x_wconf 88' lang='lat' dir='ltr'><strong>illa</strong></span> <span class='ocrx_word' id='word_1_113' title='bbox 785 1069 842 1121; x_wconf 91' lang='lat' dir='ltr'><strong>qua</strong></span> <span class='ocrx_word' id='word_1_114' title='bbox 861 1058 884 1107; x_wconf 74' lang='grc'><strong>2.</strong></span> 
     </span>
     <span class='ocr_line' id='line_1_13' title="bbox 166 1131 1077 1202; baseline 0 -16"><span class='ocrx_word' id='word_1_115' title='bbox 166 1149 238 1200; x_wconf 89' lang='lat' dir='ltr'><strong>quae</strong></span> <span class='ocrx_word' id='word_1_116' title='bbox 262 1135 429 1202; x_wconf 90' lang='lat' dir='ltr'><strong>sequuntur,</strong></span> <span class='ocrx_word' id='word_1_117' title='bbox 454 1132 484 1186; x_wconf 94' lang='lat' dir='ltr'><strong>in</strong></span> <span class='ocrx_word' id='word_1_118' title='bbox 506 1134 531 1187; x_wconf 82' lang='grc' dir='ltr'><strong><em>Τ</em></strong></span> <span class='ocrx_word' id='word_1_119' title='bbox 549 1131 580 1184; x_wconf 92' lang='lat' dir='ltr'><strong>in</strong></span> <span class='ocrx_word' id='word_1_120' title='bbox 597 1134 678 1186; x_wconf 85' lang='lat' dir='ltr'><strong>textu</strong></span> <span class='ocrx_word' id='word_1_121' title='bbox 696 1135 762 1186; x_wconf 90' lang='lat' dir='ltr'><strong>sunt</strong></span> <span class='ocrx_word' id='word_1_122' title='bbox 779 1134 845 1202; x_wconf 93' lang='lat' dir='ltr'><strong>post</strong></span> <span class='ocrx_word' id='word_1_123' title='bbox 861 1131 1011 1202; x_wconf 69' lang='lat' dir='ltr'><strong>proteum,</strong></span> <span class='ocrx_word' id='word_1_124' title='bbox 1039 1151 1077 1201; x_wconf 91' lang='lat' dir='ltr'><strong>qu</strong></span> 
     </span>
     <span class='ocr_line' id='line_1_14' title="bbox 95 1212 1079 1268; baseline 0.004 -2"><span class='ocrx_word' id='word_1_125' title='bbox 95 1213 153 1268; x_wconf 84' lang='lat' dir='ltr'><strong>fere</strong></span> <span class='ocrx_word' id='word_1_126' title='bbox 172 1230 236 1266; x_wconf 92' lang='lat' dir='ltr'><strong>cum</strong></span> <span class='ocrx_word' id='word_1_127' title='bbox 253 1215 283 1268; x_wconf 90' lang='lat' dir='ltr'><em>D</em></span> <span class='ocrx_word' id='word_1_128' title='bbox 301 1212 454 1268; x_wconf 76' lang='lat' dir='ltr'><strong>consentit:</strong></span> <span class='ocrx_word' id='word_1_129' title='bbox 1075 1237 1079 1242; x_wconf 85' lang='lat'>·</span> 
     </span>
    </p>
   </div>
   <div class='ocr_carea' id='block_1_3' title="bbox 54 1301 1112 2670">
    <p class='ocr_par' dir='ltr' id='par_1_3' title="bbox 54 1301 1112 2670">
     <span class='ocr_line' id='line_1_15' title="bbox 165 1301 1112 1372; baseline 0.006 -18"><span class='ocrx_word' id='word_1_130' title='bbox 165 1319 243 1371; x_wconf 84' lang='lat' dir='ltr'><strong>prop.</strong></span> <span class='ocrx_word' id='word_1_131' title='bbox 263 1307 292 1357; x_wconf 81' lang='lat'><strong>4:</strong></span> <span class='ocrx_word' id='word_1_132' title='bbox 323 1301 474 1371; x_wconf 85' lang='lat' dir='ltr'><strong>Equalium</strong></span> <span class='ocrx_word' id='word_1_133' title='bbox 491 1301 648 1356; x_wconf 91' lang='lat' dir='ltr'><strong>uisibilium</strong></span> <span class='ocrx_word' id='word_1_134' title='bbox 671 1319 755 1372; x_wconf 91' lang='lat' dir='ltr'><strong>super</strong></span> <span class='ocrx_word' id='word_1_135' title='bbox 777 1320 863 1358; x_wconf 90' lang='lat' dir='ltr'><strong>unam</strong></span> <span class='ocrx_word' id='word_1_136' title='bbox 888 1302 993 1357; x_wconf 89' lang='lat' dir='ltr'><strong>lineam</strong></span> <span class='ocrx_word' id='word_1_137' title='bbox 1012 1306 1112 1360; x_wconf 90' lang='lat' dir='ltr'><strong>eodem</strong></span> 
     </span>
     <span class='ocr_line' id='line_1_16' title="bbox 54 1380 1111 1454; baseline 0.006 -21"><span class='ocrx_word' id='word_1_138' title='bbox 54 1382 80 1423; x_wconf 84' lang='lat'><strong>15</strong></span> <span class='ocrx_word' id='word_1_139' title='bbox 93 1383 199 1450; x_wconf 87' lang='lat' dir='ltr'><strong>puncto</strong></span> <span class='ocrx_word' id='word_1_140' title='bbox 209 1380 429 1454; x_wconf 86' lang='lat' dir='ltr'><strong>coniunctorum,</strong></span> <span class='ocrx_word' id='word_1_141' title='bbox 436 1384 513 1453; x_wconf 93' lang='lat' dir='ltr'><strong>qnod</strong></span> <span class='ocrx_word' id='word_1_142' title='bbox 521 1382 656 1437; x_wconf 90' lang='lat' dir='ltr'><strong>remotius</strong></span> <span class='ocrx_word' id='word_1_143' title='bbox 667 1382 816 1451; x_wconf 85' lang='lat' dir='ltr'><strong>est‚minus</strong></span> <span class='ocrx_word' id='word_1_144' title='bbox 827 1399 962 1454; x_wconf 89' lang='lat' dir='ltr'><strong>apparere</strong></span> <span class='ocrx_word' id='word_1_145' title='bbox 967 1386 1028 1452; x_wconf 84' lang='lat' dir='ltr'><strong>(om.</strong></span> <span class='ocrx_word' id='word_1_146' title='bbox 1035 1385 1111 1454; x_wconf 89' lang='lat' dir='ltr'><em>DL).</em></span> 
     </span>
     <span class='ocr_line' id='line_1_17' title="bbox 165 1470 1110 1544; baseline 0.007 -23"><span class='ocrx_word' id='word_1_147' title='bbox 165 1486 243 1539; x_wconf 84' lang='lat' dir='ltr'><strong>prop.</strong></span> <span class='ocrx_word' id='word_1_148' title='bbox 263 1475 291 1525; x_wconf 80' lang='lat'><strong>5:</strong></span> <span class='ocrx_word' id='word_1_149' title='bbox 314 1471 498 1540; x_wconf 82' lang='lat' dir='ltr'><strong>inequalium.</strong></span> <span class='ocrx_word' id='word_1_150' title='bbox 518 1472 593 1540; x_wconf 90' lang='lat' dir='ltr'><strong>quod</strong></span> <span class='ocrx_word' id='word_1_151' title='bbox 607 1470 737 1544; x_wconf 87' lang='lat' dir='ltr'><strong>]propius‚</strong></span> <span class='ocrx_word' id='word_1_152' title='bbox 756 1470 900 1526; x_wconf 89' lang='lat' dir='ltr'><strong>uidebitur</strong></span> <span class='ocrx_word' id='word_1_153' title='bbox 918 1472 1024 1543; x_wconf 88' lang='lat' dir='ltr'><strong>mains,</strong></span> <span class='ocrx_word' id='word_1_154' title='bbox 1046 1490 1110 1528; x_wconf 91' lang='lat' dir='ltr'><strong>cum</strong></span> 
     </span>
     <span class='ocr_line' id='line_1_18' title="bbox 93 1549 911 1622; baseline 0.004 -20"><span class='ocrx_word' id='word_1_155' title='bbox 93 1566 190 1604; x_wconf 89' lang='lat' dir='ltr'><strong>uersus</strong></span> <span class='ocrx_word' id='word_1_156' title='bbox 210 1551 328 1605; x_wconf 88' lang='lat' dir='ltr'><strong>eandem</strong></span> <span class='ocrx_word' id='word_1_157' title='bbox 346 1555 524 1606; x_wconf 89' lang='lat' dir='ltr'><strong>remoueatur</strong></span> <span class='ocrx_word' id='word_1_158' title='bbox 541 1554 651 1621; x_wconf 87' lang='lat' dir='ltr'><strong>partem</strong></span> <span class='ocrx_word' id='word_1_159' title='bbox 668 1549 838 1618; x_wconf 87' lang='lat' dir='ltr'><strong>inequaliter</strong></span> <span class='ocrx_word' id='word_1_160' title='bbox 855 1553 911 1622; x_wconf 81' lang='lat' dir='ltr'><em>(L).</em></span> 
     </span>
     <span class='ocr_line' id='line_1_19' title="bbox 164 1638 1111 1710; baseline 0.004 -19"><span class='ocrx_word' id='word_1_161' title='bbox 164 1655 243 1708; x_wconf 93' lang='lat' dir='ltr'><strong>prop.</strong></span> <span class='ocrx_word' id='word_1_162' title='bbox 264 1645 292 1694; x_wconf 83' lang='lat'><strong>6:</strong></span> <span class='ocrx_word' id='word_1_163' title='bbox 311 1639 568 1710; x_wconf 72' lang='lat' dir='ltr'><strong>fflquedistantium</strong></span> <span class='ocrx_word' id='word_1_164' title='bbox 590 1638 729 1693; x_wconf 85' lang='lat' dir='ltr'><strong>linearum</strong></span> <span class='ocrx_word' id='word_1_165' title='bbox 749 1638 840 1709; x_wconf 89' lang='lat' dir='ltr'><strong>magis</strong></span> <span class='ocrx_word' id='word_1_166' title='bbox 858 1643 999 1695; x_wconf 89' lang='lat' dir='ltr'><strong>remotum</strong></span> <span class='ocrx_word' id='word_1_167' title='bbox 1018 1658 1111 1695; x_wconf 90' lang='lat' dir='ltr'><strong>mmus</strong></span> 
     </span>
     <span class='ocr_line' id='line_1_20' title="bbox 95 1717 488 1791; baseline 0.008 -19"><span class='ocrx_word' id='word_1_168' title='bbox 95 1721 213 1788; x_wconf 87' lang='lat' dir='ltr'><strong>apparet</strong></span> <span class='ocrx_word' id='word_1_169' title='bbox 230 1717 415 1774; x_wconf 87' lang='lat' dir='ltr'><strong>interstitium</strong></span> <span class='ocrx_word' id='word_1_170' title='bbox 433 1721 488 1791; x_wconf 78' lang='lat' dir='ltr'><strong>(L).</strong></span> 
     </span>
     <span class='ocr_line' id='line_1_21' title="bbox 67 1799 1112 1870; baseline 0.003 -18"><span class='ocrx_word' id='word_1_171' title='bbox 67 1804 80 1843; x_wconf 88' lang='lat'>0</span> <span class='ocrx_word' id='word_1_172' title='bbox 165 1817 243 1869; x_wconf 86' lang='lat' dir='ltr'><strong>prop.</strong></span> <span class='ocrx_word' id='word_1_173' title='bbox 260 1807 287 1856; x_wconf 80' lang='lat'><strong>7:</strong></span> <span class='ocrx_word' id='word_1_174' title='bbox 311 1800 462 1868; x_wconf 83' lang='lat' dir='ltr'><strong>Equalium</strong></span> <span class='ocrx_word' id='word_1_175' title='bbox 481 1799 635 1870; x_wconf 88' lang='lat' dir='ltr'><strong>spatiorum</strong></span> <span class='ocrx_word' id='word_1_176' title='bbox 650 1815 733 1869; x_wconf 89' lang='lat' dir='ltr'><strong>super</strong></span> <span class='ocrx_word' id='word_1_177' title='bbox 746 1800 865 1854; x_wconf 88' lang='lat' dir='ltr'><strong>eandem</strong></span> <span class='ocrx_word' id='word_1_178' title='bbox 881 1800 973 1855; x_wconf 87' lang='lat' dir='ltr'><strong>basim</strong></span> <span class='ocrx_word' id='word_1_179' title='bbox 989 1799 1112 1855; x_wconf 88' lang='lat' dir='ltr'><strong>existen·</strong></span> 
     </span>
     <span class='ocr_line' id='line_1_22' title="bbox 93 1879 993 1951; baseline 0.002 -18"><span class='ocrx_word' id='word_1_180' title='bbox 93 1879 174 1950; x_wconf 88' lang='lat' dir='ltr'><strong>tium,</strong></span> <span class='ocrx_word' id='word_1_181' title='bbox 193 1881 270 1948; x_wconf 93' lang='lat' dir='ltr'><strong>quod</strong></span> <span class='ocrx_word' id='word_1_182' title='bbox 286 1881 471 1951; x_wconf 87' lang='lat' dir='ltr'><strong>propinquius</strong></span> <span class='ocrx_word' id='word_1_183' title='bbox 490 1884 541 1950; x_wconf 92' lang='lat' dir='ltr'><strong>est,</strong></span> <span class='ocrx_word' id='word_1_184' title='bbox 558 1879 650 1934; x_wconf 89' lang='lat' dir='ltr'><strong>maius</strong></span> <span class='ocrx_word' id='word_1_185' title='bbox 668 1882 816 1949; x_wconf 88' lang='lat' dir='ltr'><strong>reputatur</strong></span> <span class='ocrx_word' id='word_1_186' title='bbox 833 1882 894 1950; x_wconf 85' lang='lat' dir='ltr'><strong>(om.</strong></span> <span class='ocrx_word' id='word_1_187' title='bbox 914 1881 993 1950; x_wconf 82' lang='lat' dir='ltr'><strong><em>DL).</em></strong></span> 
     </span>
     <span class='ocr_line' id='line_1_23' title="bbox 165 1959 1110 2031; baseline 0 -17"><span class='ocrx_word' id='word_1_188' title='bbox 165 1978 243 2030; x_wconf 91' lang='lat' dir='ltr'><strong>prop.</strong></span> <span class='ocrx_word' id='word_1_189' title='bbox 260 1967 290 2016; x_wconf 83' lang='lat'><strong>9:</strong></span> <span class='ocrx_word' id='word_1_190' title='bbox 317 1960 462 2026; x_wconf 84' lang='lat' dir='ltr'><strong>Quadrata</strong></span> <span class='ocrx_word' id='word_1_191' title='bbox 480 1977 530 2031; x_wconf 90' lang='lat' dir='ltr'><strong>per</strong></span> <span class='ocrx_word' id='word_1_192' title='bbox 549 1959 715 2014; x_wconf 86' lang='lat' dir='ltr'><strong>distantiam</strong></span> <span class='ocrx_word' id='word_1_193' title='bbox 729 1961 867 2029; x_wconf 74' lang='lat' dir='ltr'><strong>apparent</strong></span> <span class='ocrx_word' id='word_1_194' title='bbox 880 1959 1004 2014; x_wconf 88' lang='lat' dir='ltr'><strong>rotunda</strong></span> <span class='ocrx_word' id='word_1_195' title='bbox 1018 1961 1110 2030; x_wconf 81' lang='lat' dir='ltr'><strong><em>(DL).</em></strong></span> 
     </span>
     <span class='ocr_line' id='line_1_24' title="bbox 165 2038 1112 2110; baseline 0.001 -17"><span class='ocrx_word' id='word_1_196' title='bbox 165 2057 243 2110; x_wconf 89' lang='lat' dir='ltr'><strong>prop.</strong></span> <span class='ocrx_word' id='word_1_197' title='bbox 272 2046 318 2096; x_wconf 84' lang='lat'><strong>10:</strong></span> <span class='ocrx_word' id='word_1_198' title='bbox 360 2042 457 2096; x_wconf 87' lang='lat' dir='ltr'><strong>Partes</strong></span> <span class='ocrx_word' id='word_1_199' title='bbox 490 2040 635 2095; x_wconf 85' lang='lat' dir='ltr'><strong>inferiores</strong></span> <span class='ocrx_word' id='word_1_200' title='bbox 667 2038 747 2108; x_wconf 89' lang='lat' dir='ltr'><strong>plani</strong></span> <span class='ocrx_word' id='word_1_201' title='bbox 778 2038 941 2094; x_wconf 86' lang='lat' dir='ltr'><strong>remotiores</strong></span> <span class='ocrx_word' id='word_1_202' title='bbox 977 2039 1112 2094; x_wconf 90' lang='lat' dir='ltr'><strong>uidentur</strong></span> 
     </span>
     <span class='ocr_line' id='line_1_25' title="bbox 96 2119 289 2190; baseline 0.005 -16"><span class='ocrx_word' id='word_1_203' title='bbox 96 2119 211 2175; x_wconf 87' lang='lat' dir='ltr'><strong>altiores</strong></span> <span class='ocrx_word' id='word_1_204' title='bbox 230 2121 289 2190; x_wconf 86' lang='lat' dir='ltr'><strong>(D).</strong></span> 
     </span>
     <span class='ocr_line' id='line_1_26' title="bbox 56 2198 1112 2270; baseline 0 -17"><span class='ocrx_word' id='word_1_205' title='bbox 56 2199 82 2240; x_wconf 76' lang='lat'><strong>2⁵</strong></span> <span class='ocrx_word' id='word_1_206' title='bbox 166 2217 243 2270; x_wconf 90' lang='lat' dir='ltr'><strong>prop.</strong></span> <span class='ocrx_word' id='word_1_207' title='bbox 266 2206 311 2256; x_wconf 88' lang='lat'><strong>11:</strong></span> <span class='ocrx_word' id='word_1_208' title='bbox 344 2201 523 2270; x_wconf 82' lang='lat' dir='ltr'><strong>Superiorum</strong></span> <span class='ocrx_word' id='word_1_209' title='bbox 545 2199 624 2269; x_wconf 90' lang='lat' dir='ltr'><strong>plani</strong></span> <span class='ocrx_word' id='word_1_210' title='bbox 653 2198 808 2269; x_wconf 88' lang='lat' dir='ltr'><strong>superiores</strong></span> <span class='ocrx_word' id='word_1_211' title='bbox 831 2201 927 2268; x_wconf 86' lang='lat' dir='ltr'><strong>partes</strong></span> <span class='ocrx_word' id='word_1_212' title='bbox 958 2199 1112 2253; x_wconf 88' lang='lat' dir='ltr'><strong>secundum</strong></span> 
     </span>
     <span class='ocr_line' id='line_1_27' title="bbox 95 2280 470 2351; baseline 0.003 -18"><span class='ocrx_word' id='word_1_213' title='bbox 95 2280 189 2334; x_wconf 86' lang='lat' dir='ltr'><strong>uisum</strong></span> <span class='ocrx_word' id='word_1_214' title='bbox 208 2280 349 2335; x_wconf 88' lang='lat' dir='ltr'><strong>declinare</strong></span> <span class='ocrx_word' id='word_1_215' title='bbox 367 2282 470 2351; x_wconf 68' lang='lat' dir='ltr'><strong>(DL).‘‚</strong></span> 
     </span>
     <span class='ocr_line' id='line_1_28' title="bbox 166 2359 1111 2430; baseline 0.002 -18"><span class='ocrx_word' id='word_1_216' title='bbox 166 2377 244 2430; x_wconf 83' lang='lat' dir='ltr'><strong>prop.</strong></span> <span class='ocrx_word' id='word_1_217' title='bbox 260 2366 306 2414; x_wconf 79' lang='lat'><strong>12:</strong></span> <span class='ocrx_word' id='word_1_218' title='bbox 331 2360 384 2414; x_wconf 89' lang='lat' dir='ltr'><strong>Per</strong></span> <span class='ocrx_word' id='word_1_219' title='bbox 396 2376 544 2429; x_wconf 83' lang='lat' dir='ltr'><strong>recessum,</strong></span> <span class='ocrx_word' id='word_1_220' title='bbox 563 2377 618 2428; x_wconf 90' lang='lat' dir='ltr'><strong>que</strong></span> <span class='ocrx_word' id='word_1_221' title='bbox 633 2360 732 2414; x_wconf 87' lang='lat' dir='ltr'><strong>dextra</strong></span> <span class='ocrx_word' id='word_1_222' title='bbox 746 2362 819 2429; x_wconf 89' lang='lat' dir='ltr'><strong>sunt,</strong></span> <span class='ocrx_word' id='word_1_223' title='bbox 838 2359 953 2414; x_wconf 85' lang='lat' dir='ltr'><strong>sinistra</strong></span> <span class='ocrx_word' id='word_1_224' title='bbox 969 2359 1111 2430; x_wconf 83' lang='lat' dir='ltr'><strong>uidentur,</strong></span> 
     </span>
     <span class='ocr_line' id='line_1_29' title="bbox 96 2437 1110 2510; baseline 0.002 -18"><span class='ocrx_word' id='word_1_225' title='bbox 96 2455 151 2507; x_wconf 90' lang='lat' dir='ltr'><strong>que</strong></span> <span class='ocrx_word' id='word_1_226' title='bbox 169 2456 236 2494; x_wconf 90' lang='lat' dir='ltr'><strong>uero</strong></span> <span class='ocrx_word' id='word_1_227' title='bbox 256 2439 370 2494; x_wconf 89' lang='lat' dir='ltr'><strong>sinistra</strong></span> <span class='ocrx_word' id='word_1_228' title='bbox 384 2443 457 2510; x_wconf 83' lang='lat' dir='ltr'><strong>sunt,</strong></span> <span class='ocrx_word' id='word_1_229' title='bbox 477 2441 576 2494; x_wconf 74' lang='lat' dir='ltr'><strong>dextm</strong></span> <span class='ocrx_word' id='word_1_230' title='bbox 592 2438 740 2493; x_wconf 89' lang='lat' dir='ltr'><strong>uisualiter</strong></span> <span class='ocrx_word' id='word_1_231' title='bbox 754 2437 832 2493; x_wconf 88' lang='lat' dir='ltr'><strong>adire</strong></span> <span class='ocrx_word' id='word_1_232' title='bbox 846 2454 897 2508; x_wconf 89' lang='lat' dir='ltr'><strong>per</strong></span> <span class='ocrx_word' id='word_1_233' title='bbox 909 2441 1005 2494; x_wconf 91' lang='lat' dir='ltr'><strong>totum</strong></span> <span class='ocrx_word' id='word_1_234' title='bbox 1019 2439 1110 2510; x_wconf 86' lang='lat' dir='ltr'><strong><em>(DL).</em></strong></span> 
     </span>
     <span class='ocr_line' id='line_1_30' title="bbox 167 2517 1111 2589; baseline 0 -17"><span class='ocrx_word' id='word_1_235' title='bbox 167 2537 245 2589; x_wconf 84' lang='lat' dir='ltr'><strong>prop.</strong></span> <span class='ocrx_word' id='word_1_236' title='bbox 262 2524 307 2575; x_wconf 85' lang='lat'><strong>13:</strong></span> <span class='ocrx_word' id='word_1_237' title='bbox 329 2519 481 2587; x_wconf 87' lang='lat' dir='ltr'><strong>Equalium</strong></span> <span class='ocrx_word' id='word_1_238' title='bbox 495 2518 603 2587; x_wconf 86' lang='lat' dir='ltr'><strong>equalis</strong></span> <span class='ocrx_word' id='word_1_239' title='bbox 618 2518 778 2574; x_wconf 82' lang='lat' dir='ltr'><strong>altitudinis</strong></span> <span class='ocrx_word' id='word_1_240' title='bbox 793 2519 845 2574; x_wconf 90' lang='lat' dir='ltr'><strong>sub</strong></span> <span class='ocrx_word' id='word_1_241' title='bbox 860 2519 941 2574; x_wconf 92' lang='lat' dir='ltr'><strong>oculo</strong></span> <span class='ocrx_word' id='word_1_242' title='bbox 956 2517 1111 2574; x_wconf 88' lang='lat' dir='ltr'><strong>iacentium</strong></span> 
     </span>
     <span class='ocr_line' id='line_1_31' title="bbox 57 2598 703 2670; baseline 0.003 -19"><span class='ocrx_word' id='word_1_243' title='bbox 57 2601 82 2640; x_wconf 82' lang='lat'><strong>³0</strong></span> <span class='ocrx_word' id='word_1_244' title='bbox 96 2599 229 2653; x_wconf 88' lang='lat' dir='ltr'><strong>remotius</strong></span> <span class='ocrx_word' id='word_1_245' title='bbox 248 2598 361 2653; x_wconf 88' lang='lat' dir='ltr'><strong>uidetur</strong></span> <span class='ocrx_word' id='word_1_246' title='bbox 379 2599 465 2653; x_wconf 89' lang='lat' dir='ltr'><strong>altius</strong></span> <span class='ocrx_word' id='word_1_247' title='bbox 484 2600 569 2670; x_wconf 83' lang='lat' dir='ltr'><strong>(DL,</strong></span> <span class='ocrx_word' id='word_1_248' title='bbox 588 2617 638 2656; x_wconf 82' lang='lat' dir='ltr'><strong>om.</strong></span> <span class='ocrx_word' id='word_1_249' title='bbox 656 2600 703 2668; x_wconf 86' lang='grc' dir='ltr'><strong>Τ).</strong></span> 
     </span>
    </p>
   </div>
   <div class='ocr_carea' id='block_1_4' title="bbox 97 2811 1112 3523">
    <p class='ocr_par' dir='ltr' id='par_1_4' title="bbox 97 2811 1112 3523">
     <span class='ocr_line' id='line_1_32' title="bbox 170 2811 1110 2884; baseline -0.001 -19"><span class='ocrx_word' id='word_1_250' title='bbox 170 2819 193 2866; x_wconf 93' lang='lat'><strong>1.</strong></span> <span class='ocrx_word' id='word_1_251' title='bbox 216 2814 286 2883; x_wconf 88' lang='lat' dir='ltr'><strong>rem]</strong></span> <span class='ocrx_word' id='word_1_252' title='bbox 306 2828 364 2866; x_wconf 88' lang='lat' dir='ltr'><strong>rem</strong></span> <span class='ocrx_word' id='word_1_253' title='bbox 382 2829 439 2867; x_wconf 90' lang='lat' dir='ltr'><strong>non</strong></span> <span class='ocrx_word' id='word_1_254' title='bbox 457 2812 495 2868; x_wconf 93' lang='lat' dir='ltr'><strong>D.</strong></span> <span class='ocrx_word' id='word_1_255' title='bbox 577 2811 724 2884; x_wconf 87' lang='lat' dir='ltr'><strong>quolibet]</strong></span> <span class='ocrx_word' id='word_1_256' title='bbox 744 2827 910 2880; x_wconf 90' lang='lat' dir='ltr'><strong>quocunque</strong></span> <span class='ocrx_word' id='word_1_257' title='bbox 928 2813 966 2866; x_wconf 88' lang='lat' dir='ltr'><strong>D.</strong></span> <span class='ocrx_word' id='word_1_258' title='bbox 1041 2813 1110 2884; x_wconf 93' lang='lat' dir='ltr'><strong>non]</strong></span> 
     </span>
     <span class='ocr_line' id='line_1_33' title="bbox 97 2881 1110 2955; baseline -0.001 -17"><span class='ocrx_word' id='word_1_259' title='bbox 97 2901 147 2938; x_wconf 85' lang='lat' dir='ltr'><strong>om.</strong></span> <span class='ocrx_word' id='word_1_260' title='bbox 167 2884 204 2937; x_wconf 95' lang='lat' dir='ltr'><strong>D.</strong></span> <span class='ocrx_word' id='word_1_261' title='bbox 296 2889 320 2937; x_wconf 76' lang='lat'><strong>2.</strong></span> <span class='ocrx_word' id='word_1_262' title='bbox 344 2900 399 2951; x_wconf 94' lang='lat' dir='ltr'><strong>quo</strong></span> <span class='ocrx_word' id='word_1_263' title='bbox 420 2884 539 2955; x_wconf 88' lang='lat' dir='ltr'><strong>semper]</strong></span> <span class='ocrx_word' id='word_1_264' title='bbox 563 2882 665 2937; x_wconf 89' lang='lat' dir='ltr'><strong>minori</strong></span> <span class='ocrx_word' id='word_1_265' title='bbox 683 2883 760 2952; x_wconf 87' lang='lat' dir='ltr'><strong>quod</strong></span> <span class='ocrx_word' id='word_1_266' title='bbox 779 2884 817 2938; x_wconf 89' lang='lat' dir='ltr'><strong>D.</strong></span> <span class='ocrx_word' id='word_1_267' title='bbox 909 2881 1054 2936; x_wconf 87' lang='lat' dir='ltr'><strong>uidebitur</strong></span> <span class='ocrx_word' id='word_1_268' title='bbox 1072 2883 1110 2937; x_wconf 91' lang='lat' dir='ltr'><strong>D.</strong></span> 
     </span>
     <span class='ocr_line' id='line_1_34' title="bbox 134 2952 1110 3033; baseline 0 -26"><span class='ocrx_word' id='word_1_269' title='bbox 134 2961 158 3008; x_wconf 85' lang='lat'><strong>3.</strong></span> <span class='ocrx_word' id='word_1_270' title='bbox 178 2953 276 3025; x_wconf 84' lang='lat' dir='ltr'><strong>igitur]</strong></span> <span class='ocrx_word' id='word_1_271' title='bbox 296 2970 362 3024; x_wconf 87' lang='lat' dir='ltr'><strong>ergo</strong></span> <span class='ocrx_word' id='word_1_272' title='bbox 382 2955 420 3009; x_wconf 86' lang='lat' dir='ltr'><strong>D.</strong></span> <span class='ocrx_word' id='word_1_273' title='bbox 492 2955 571 3026; x_wconf 83' lang='lat' dir='ltr'><strong>abd]</strong></span> <span class='ocrx_word' id='word_1_274' title='bbox 590 2956 653 3011; x_wconf 80' lang='lat' dir='ltr'><strong>odd</strong></span> <span class='ocrx_word' id='word_1_275' title='bbox 672 2955 710 3008; x_wconf 92' lang='lat' dir='ltr'><strong>D.</strong></span> <span class='ocrx_word' id='word_1_276' title='bbox 770 2952 903 3025; x_wconf 79' lang='lat' dir='ltr'><strong>angulus]</strong></span> <span class='ocrx_word' id='word_1_277' title='bbox 922 2970 972 3008; x_wconf 85' lang='lat' dir='ltr'><strong>om.</strong></span> <span class='ocrx_word' id='word_1_278' title='bbox 992 2954 1056 3033; x_wconf 36' lang='lat' dir='ltr'><strong>D..</strong></span> <span class='ocrx_word' id='word_1_279' title='bbox 1085 2959 1110 3008; x_wconf 81' lang='lat'><strong>4.</strong></span> 
     </span>
     <span class='ocr_line' id='line_1_35' title="bbox 98 3023 1111 3107; baseline 0.001 -30"><span class='ocrx_word' id='word_1_280' title='bbox 98 3024 197 3096; x_wconf 80' lang='lat' dir='ltr'><strong>igitur]</strong></span> <span class='ocrx_word' id='word_1_281' title='bbox 217 3041 283 3095; x_wconf 85' lang='lat' dir='ltr'><strong>ergo</strong></span> <span class='ocrx_word' id='word_1_282' title='bbox 302 3026 340 3080; x_wconf 88' lang='lat' dir='ltr'><strong>D.</strong></span> <span class='ocrx_word' id='word_1_283' title='bbox 418 3028 447 3079; x_wconf 92' lang='lat' dir='ltr'><strong>et</strong></span> <span class='ocrx_word' id='word_1_284' title='bbox 464 3043 498 3082; x_wconf 84' lang='lat' dir='ltr'><strong>ec</strong></span> <span class='ocrx_word' id='word_1_285' title='bbox 517 3058 548 3066; x_wconf 92' lang='lat'>—</span> <span class='ocrx_word' id='word_1_286' title='bbox 570 3027 615 3107; x_wconf 88' lang='lat'><strong>11]</strong></span> <span class='ocrx_word' id='word_1_287' title='bbox 634 3043 684 3081; x_wconf 83' lang='lat' dir='ltr'><strong>om.</strong></span> <span class='ocrx_word' id='word_1_288' title='bbox 704 3026 735 3079; x_wconf 88' lang='lat' dir='ltr'><em>D</em></span> <span class='ocrx_word' id='word_1_289' title='bbox 753 3032 821 3080; x_wconf 73' lang='lat' dir='ltr'><strong>ectr.</strong></span> <span class='ocrx_word' id='word_1_290' title='bbox 837 3043 903 3106; x_wconf 74' lang='lat' dir='ltr'><strong>pop.</strong></span> <span class='ocrx_word' id='word_1_291' title='bbox 987 3029 1028 3104; x_wconf 71' lang='lat'>¹.1·</span> <span class='ocrx_word' id='word_1_292' title='bbox 1048 3023 1111 3104; x_wconf 80' lang='lat' dir='ltr'><strong>rlla]</strong></span> 
     </span>
     <span class='ocr_line' id='line_1_36' title="bbox 98 3096 1112 3221; baseline -0.003 -69"><span class='ocrx_word' id='word_1_293' title='bbox 98 3113 149 3220; x_wconf 65' lang='lat' dir='ltr'><strong>sep.</strong></span> <span class='ocrx_word' id='word_1_294' title='bbox 160 3113 252 3220; x_wconf 55' lang='lat' dir='ltr'><strong>pomp.</strong></span> <span class='ocrx_word' id='word_1_295' title='bbox 273 3098 335 3151; x_wconf 80' lang='lat' dir='ltr'><strong>dut.</strong></span> <span class='ocrx_word' id='word_1_296' title='bbox 356 3097 387 3221; x_wconf 72' lang='lat' dir='ltr'><strong>th</strong></span> <span class='ocrx_word' id='word_1_297' title='bbox 462 3102 503 3152; x_wconf 79' lang='lat'><strong>16.</strong></span> <span class='ocrx_word' id='word_1_298' title='bbox 523 3096 718 3221; x_wconf 69' lang='lat' dir='ltr'><strong>equahumLL.</strong></span> <span class='ocrx_word' id='word_1_299' title='bbox 766 3096 1112 3220; x_wconf 44' lang='lat' dir='ltr'><strong>1gropm&#39;sffiropqlinqmzs</strong></span> 
     </span>
     <span class='ocr_line' id='line_1_37' title="bbox 98 3170 1111 3313; baseline 0 -21"><span class='ocrx_word' id='word_1_300' title='bbox 98 3183 175 3293; x_wconf 75' lang='lat' dir='ltr'><strong>es20.</strong></span> <span class='ocrx_word' id='word_1_301' title='bbox 189 3174 362 3309; x_wconf 55' lang='lat' dir='ltr'><strong>‘spodii-ulii]</strong></span> <span class='ocrx_word' id='word_1_302' title='bbox 382 3170 644 3310; x_wconf 47' lang='lat' dir='ltr'><strong>gsspptpppgarpur</strong></span> <span class='ocrx_word' id='word_1_303' title='bbox 668 3211 711 3292; x_wconf 60' lang='lat' dir='ltr'><strong>aa.</strong></span> <span class='ocrx_word' id='word_1_304' title='bbox 731 3182 1111 3313; x_wconf 41' lang='lat' dir='ltr'><strong>appareenss]1uiiieirnturunDDi</strong></span> 
     </span>
     <span class='ocr_line' id='line_1_38' title="bbox 134 3307 1111 3380; baseline 0 -17"><span class='ocrx_word' id='word_1_305' title='bbox 134 3315 177 3364; x_wconf 75' lang='lat'><strong>25.</strong></span> <span class='ocrx_word' id='word_1_306' title='bbox 198 3309 382 3380; x_wconf 87' lang='lat' dir='ltr'><strong>superiorum]</strong></span> <span class='ocrx_word' id='word_1_307' title='bbox 403 3309 552 3379; x_wconf 91' lang='lat' dir='ltr'><strong>superioris</strong></span> <span class='ocrx_word' id='word_1_308' title='bbox 568 3310 637 3363; x_wconf 83' lang='lat' dir='ltr'><strong>DL.</strong></span> <span class='ocrx_word' id='word_1_309' title='bbox 692 3311 787 3378; x_wconf 87' lang='lat' dir='ltr'><strong>partes</strong></span> <span class='ocrx_word' id='word_1_310' title='bbox 803 3307 958 3378; x_wconf 88' lang='lat' dir='ltr'><strong>superiores</strong></span> <span class='ocrx_word' id='word_1_311' title='bbox 978 3308 1012 3362; x_wconf 88' lang='lat' dir='ltr'><strong>L.</strong></span> <span class='ocrx_word' id='word_1_312' title='bbox 1069 3313 1111 3364; x_wconf 77' lang='grc'><strong>27.</strong></span> 
     </span>
     <span class='ocr_line' id='line_1_39' title="bbox 97 3379 1111 3452; baseline -0.001 -17"><span class='ocrx_word' id='word_1_313' title='bbox 97 3397 148 3450; x_wconf 91' lang='lat' dir='ltr'><strong>per</strong></span> <span class='ocrx_word' id='word_1_314' title='bbox 165 3383 316 3452; x_wconf 79' lang='lat' dir='ltr'><strong>recessum]</strong></span> <span class='ocrx_word' id='word_1_315' title='bbox 334 3396 495 3450; x_wconf 83' lang='lat' dir='ltr'><strong>processum</strong></span> <span class='ocrx_word' id='word_1_316' title='bbox 514 3381 551 3435; x_wconf 92' lang='lat' dir='ltr'><strong>D.</strong></span> <span class='ocrx_word' id='word_1_317' title='bbox 607 3380 684 3450; x_wconf 90' lang='lat' dir='ltr'><strong>sunt]</strong></span> <span class='ocrx_word' id='word_1_318' title='bbox 702 3397 753 3435; x_wconf 82' lang='lat' dir='ltr'><strong>om.</strong></span> <span class='ocrx_word' id='word_1_319' title='bbox 764 3380 801 3434; x_wconf 90' lang='lat' dir='ltr'><strong>D.</strong></span> <span class='ocrx_word' id='word_1_320' title='bbox 856 3379 1000 3451; x_wconf 88' lang='lat' dir='ltr'><strong>uidentur]</strong></span> <span class='ocrx_word' id='word_1_321' title='bbox 1014 3396 1065 3434; x_wconf 86' lang='lat' dir='ltr'><strong>om.</strong></span> <span class='ocrx_word' id='word_1_322' title='bbox 1076 3380 1111 3435; x_wconf 82' lang='lat' dir='ltr'><strong>D.</strong></span> 
     </span>
     <span class='ocr_line' id='line_1_40' title="bbox 135 3451 1112 3523; baseline 0.002 -19"><span class='ocrx_word' id='word_1_323' title='bbox 135 3453 393 3523; x_wconf 73' lang='lat' dir='ltr'><strong>28.uero]cm.1).</strong></span> <span class='ocrx_word' id='word_1_324' title='bbox 458 3452 534 3522; x_wconf 90' lang='lat' dir='ltr'><strong>sunt]</strong></span> <span class='ocrx_word' id='word_1_325' title='bbox 554 3467 604 3506; x_wconf 76' lang='lat' dir='ltr'><strong>orn.</strong></span> <span class='ocrx_word' id='word_1_326' title='bbox 624 3451 661 3505; x_wconf 93' lang='lat' dir='ltr'><strong>D.</strong></span> <span class='ocrx_word' id='word_1_327' title='bbox 721 3467 771 3520; x_wconf 90' lang='lat' dir='ltr'><strong>per</strong></span> <span class='ocrx_word' id='word_1_328' title='bbox 789 3451 892 3522; x_wconf 90' lang='lat' dir='ltr'><strong>totum]</strong></span> <span class='ocrx_word' id='word_1_329' title='bbox 911 3453 1022 3520; x_wconf 88' lang='lat' dir='ltr'><strong>partem</strong></span> <span class='ocrx_word' id='word_1_330' title='bbox 1040 3451 1112 3506; x_wconf 81' lang='lat' dir='ltr'><strong>DL.</strong></span> 
     </span>
    </p>
   </div>
   <div class='ocr_carea' id='block_1_5' title="bbox 0 0 1176 3788">
    <p class='ocr_par' dir='ltr' id='par_1_5' title="bbox 0 0 1176 3788">
     <span class='ocr_line' id='line_1_41' title="bbox 0 0 1176 3788; baseline 0 0"><span class='ocrx_word' id='word_1_331' title='bbox 0 0 1176 3788; x_wconf 95' lang='lat' dir='ltr'><strong> </strong></span> 
     </span>
    </p>
   </div>
  </div>
 </body>
</html>
