2334 3788
94 130 158 194 326
486 130 718 183 oATOPTch.

160 277 242 340 ἔστω
261 275 386 359 κυρτὸν
405 277 566 358 ἔνοπτρον
584 275 621 338 τὸ
641 276 717 356 ΑΓ,
736 274 823 357 ὄμμα
841 268 878 336 δὲ
896 272 934 336 τὸ
953 275 994 354 Ε,
1018 272 1112 348 ὄψεις

94 379 131 446 δὲ
155 381 384 464 άνακλώμεναι
406 382 444 446 αί
464 386 545 463 ΕΑ,
564 383 632 444 ΕΓ
654 378 707 444 ἐπὶ
734 380 774 444 τὰ
797 383 852 467 Δ,
863 382 906 462 Β,
934 378 956 461 ἡ
985 373 1024 442 ὃέ
1051 381 1113 441 ΖΕ

95 486 309 573 ἀνακλωμένη
333 485 378 566 ὄιῗ
400 484 518 570 ἑαυτῆς
541 484 594 550 ἐπὶ
616 486 655 573 τὸ
676 491 714 550 Ε.
761 485 884 550 οὐκοῦν
907 495 976 549 τῶν
999 486 1111 562 ὄψεων

94 593 244 678 μέγισται
271 593 419 678 μένείσι
446 602 491 680 τῷ
514 595 608 676 μήκει
636 594 674 657 αι’
693 592 908 679 πορρωτάτω,
941 590 1111 674 ἐλάχισται

59 699 131 765 ῠόἔ
158 703 196 766 αί
220 702 302 766 κατὰ
330 699 445 784 μέσον,
477 701 585 786 ὥσπερ
613 698 729 782 ἡΕΖ.
775 701 927 783 φαίνεται
956 699 1022 784 ἄρα
1051 707 1109 762 τοῦ

94 806 255 893 ἐνόπτρου
284 809 396 889 ἔγγιον
423 810 549 891 μᾶλλον
576 807 613 870 τὸ
641 810 684 889 Ε,
720 804 921 892 πορρωτάτω
950 801 987 870 δὲ
1014 805 1054 870 τὸ
1082 809 1109 869 Β

93 911 149 977 καὶ
172 915 209 978 τὸ
232 918 273 977 A.
320 913 403 978 ὥστε
425 912 504 978 ὄλον
527 914 649 998 κυρτὸν
673 915 834 995 φαίνεται.

571 1158 635 1225 κδ’.

158 1283 212 1350 Ἐν
235 1297 305 1362 τοῖς
327 1289 452 1363 κοίλοις
475 1285 646 1371 ἐνόπτροις
670 1284 728 1349 ἐὰν
752 1282 805 1348 ἐπὶ
828 1292 887 1348 τοῦ
905 1281 1047 1370 κέντρου
1072 1285 1108 1348 τὸ

42 1403 76 1452 10
94 1393 181 1476 ὄμμα
204 1399 300 1477 τεθη,
324 1392 404 1457 αὐτὸ
428 1396 532 1477 μόνον
555 1394 708 1476 φαίνεται
731 1392 768 1456 τὸ
792 1393 888 1520 ὄμμα.

161 1501 243 1563 ἔστω
266 1503 381 1564 κοιλον
405 1501 566 1583 ἔνοπτρον
588 1500 625 1564 τὸ
649 1504 681 1562 A
687 1501 758 1582 ΓΔ
781 1496 919 1585 κέντρον
942 1494 981 1561 δὲ
1004 1497 1108 1562 αὐτοῦ
1152 1579 1156 1591 ¹

94 1606 130 1670 τὸ
154 1609 198 1689 Β,
230 1606 322 1683 ὄψεις
350 1601 451 1670 ὄὲαί
436 1607 552 1688 ί,ΒΑ
575 1608 652 1689 ΒΓ,
677 1609 747 1668 BA
798 1603 922 1669 οὐκοῦν
950 1609 1005 1687 ἴση
1033 1603 1055 1687 ἡ
1079 1608 1111 1668 Ε

93 1714 198 1794 γωνία
225 1722 264 1797 τη
291 1717 327 1776 Z.
382 1710 498 1795 ἤξει”
478 1737 542 1798 αρα
570 1710 784 1795 ἀνακλωμένη
811 1710 832 1794 ἡ
856 1713 922 1775 ΒΓ
950 1712 1029 1788 ὄψις
1056 1708 1109 1775 ἐπὶ

93 1819 130 1882 τὸ
158 1822 196 1881 Β.
247 1819 368 1903 ὁμοίως
400 1815 437 1882 ὄέ
468 1817 523 1883 καὶ
555 1820 592 1882 αί
622 1822 742 1883 λοιπαί.
793 1818 872 1882 αὐτὸ
905 1818 1012 1900 μόνον
1043 1819 1108 1902 ἄρα

42 1935 75 1982 15
94 1924 209 2009 ὁρᾶται
233 1926 270 1988 τὸ
294 1929 331 1988 Β.

572 2099 630 2165 κε’.

158 2224 212 2290 Ἐν
235 2239 304 2302 τοῖς
326 2230 451 2303 κοίλοις
475 2226 645 2312 ἐνόπτροις
669 2226 726 2290 ἐὰν
748 2224 801 2290 ἐπὶ
820 2234 877 2307 τῆς
895 2228 1108 2310 περιφερείας

93 2338 159 2415 θῇς
186 2333 223 2395 τὸ
247 2334 334 2416 ὄμμα
361 2332 382 2416 ἢ
406 2332 465 2411 ἔξω
493 2343 550 2416 τῆς
572 2335 795 2417 περιφερείας,
824 2332 864 2396 οὐ
887 2334 1043 2415 φαίνεται
1070 2333 1107 2396 τὸ

94 2436 191 2521 ὄμμα.

41 2556 75 2603 20
161 2548 242 2610 ἔστω
262 2551 375 2610 κοῖλον
394 2549 554 2631 ἔνοπτρον
573 2548 609 2610 τὸ
625 2548 734 2627 ΑΓΒ,
752 2543 808 2609 καὶ
827 2545 863 2608 τὸ
878 2542 967 2628 ὄμμα
981 2548 1105 2609 κείσθω

95 2649 147 2714 ἐπὶ
170 2661 228 2735 τῆς
250 2656 459 2736 περιφερείας
482 2652 584 2716 αὐτοῦ
608 2653 644 2716 τὸ
670 2656 709 2734 Β,
732 2650 825 2728 ὄψεις
847 2647 884 2714 δὲ
906 2649 1107 2735 προσπιπτέ-

94 2775 203 2822 τωσαν
228 2761 265 2822 αί
285 2763 357 2842 ΒΑ,
377 2763 444 2823 ΒΓ
462 2757 516 2822 καὶ
540 2758 848 2823 άνακεκλάσθωσαν.
890 2756 1016 2821 οὐκοῦν
1039 2761 1107 2841 μεί-

95 2867 158 2942 ζων
182 2864 271 2929 ἐστὶν
294 2865 313 2947 ἡ
337 2862 398 2949 μὲν
421 2870 496 2929 ΜΘ
518 2869 622 2947 γωνία
645 2874 703 2947 τῆς
725 2867 771 2947 Κ,
794 2862 814 2946 ἡ
838 2859 874 2927 ὄέ
897 2868 964 2927 ΕΛ
987 2874 1046 2947 της
1071 2869 1105 2927 Ζ.

165 3134 190 3182 2
211 3130 273 3200 EA]
294 3129 398 3183 EAM.
455 3133 478 3182 3.
500 3126 623 3214 ἑαυτῆς]
630 3126 766 3196 αὑτηςΜ.
822 3130 846 3179 4.
866 3124 936 3179 εἰσιν
950 3125 1006 3178 VV.
1047 3124 1105 3214 αἱ]

94 3216 162 3252 corr
179 3216 213 3252 ex
231 3218 245 3253 ε
263 3218 287 3253 V.
344 3197 511 3268 πορρωτάτω
525 3207 574 3252 τοῦ
589 3196 679 3285 μέσον
692 3216 728 3251 m.
789 3203 813 3251 ὅ.
812 3194 916 3284 κατά]
936 3194 1009 3250 κατὰ
1022 3195 1055 3250 τό
1069 3214 1104 3251 m

129 3269 222 3359 ηΕΖ]
238 3288 305 3324 corr.
317 3287 381 3340 σΧη
372 3272 451 3329 ΕΞ
431 3288 487 3339 v,
503 3269 630 3324 ἐνταῦθα
646 3266 770 3337 μέγισται
785 3266 835 3336 μέν
851 3268 920 3322 εἰσιν
935 3266 1034 3335 αὶΔΑ,
1045 3271 1105 3332 ΒΓ,

95 3291 221 3430 ἐλαχίστη
241 3338 272 3395 δὲ
291 3342 308 3412 ἡ
329 3346 381 3396 EZ
399 3361 435 3396 m.
527 3346 551 3394 8.
571 3340 631 3410 κθ]
651 3340 697 3393 λα’
714 3340 770 3392 Vv.
862 3345 886 3392 9.
906 3347 955 3391 τοῦ
946 3309 1106 3461 κε’ντρονῐ

92 3412 124 3465 τὸ
144 3409 261 3479 κέντρον
279 3413 315 3467 M.
390 3419 431 3466 12.
452 3411 508 3482 ἴση]
529 3410 573 3480 ίση
593 3409 667 3466 ἐστίν
686 3429 721 3464 m.
796 3415 837 3465 14.
857 3406 967 3480 λοιπαί]
988 3414 1038 3462 BA
1057 3429 1094 3463 κα

95 3487 143 3536 BA
160 3481 242 3554 ὄφεις
259 3483 305 3539 ἐπὶ
324 3484 354 3540 τὸ
375 3489 397 3540 Β
416 3483 530 3557 ἥξουσιν
548 3501 588 3538 m
660 3487 705 3536 99
721 3481 840 3551 κεήλθ
855 3481 913 3534 Βία
975 3484 1016 3534 18.
1036 3481 1105 3551 θῇς]
