2324 3788
113 121 157 186 32
453 121 622 172 ονοιιοιε
642 120 780 174 οετιοι.

112 263 253 353 πλευραὶ
277 268 341 352 ὄρα
364 264 530 348 οἰνοίλογον
553 267 693 329 ἔσονται.
739 266 830 330 ἐστιν
852 265 928 350 ἄρα,
951 263 1000 341 ὡς
1020 262 1043 347 ἡ
1067 268 1128 329 ΕΖ

113 375 197 459 πρὸς
219 374 280 456 την
304 376 381 456 ΖΒ,
404 371 424 455 ἡ
449 377 515 436 ΔΑ
537 372 621 457 πρὸς
642 372 704 454 την
727 374 802 435 AB.
847 367 920 435 ἀλλ’
941 369 960 435 ὁ
984 379 1045 454 τῆς
1067 374 1129 435 ΕΖ

113 481 197 566 πρὸς
223 481 285 563 την
314 482 375 543 ΖΒ
404 481 502 561 λόγος
530 476 598 543 ἐστὶ
624 478 804 564 γνώριμος·
841 475 896 555 καὶ
929 476 948 542 ὁ
976 486 1038 562 τῆς
1064 482 1128 543 ΛΑ

115 588 179 673 ἄρα
201 587 284 672 πρὸς
306 587 367 669 την
390 589 456 650 ΑΒ
480 588 578 666 λόγος
602 581 669 648 ἐστὶ
692 585 866 670 γνώριμος.
903 586 962 648 καί
983 581 1127 648 ἐστικαὶ

80 704 96 752 5
115 695 151 759 τὸ
176 696 241 758 AB
264 693 442 778 γνώριμον.
478 689 534 754 καὶ
556 691 593 755 τὸ
613 695 679 755 ΑΔ
702 692 766 776 ἄρα
790 691 960 776 γνώριμόν
984 690 1085 756 ἐστιν.

588 865 651 931 κα’.

186 996 234 1060 Τὸ
259 989 364 1058 δοθὲν
386 1000 488 1076 μῆκος
512 990 707 1074 ἐπιγνῶναι,
730 995 871 1074 πηλίκον
895 990 996 1056 ἐστίν.

182 1104 263 1166 ἔστω
287 1101 324 1165 τὸ
348 1094 453 1163 δοθέν
476 1108 578 1182 μῆκος
600 1100 636 1163 τὸ
656 1102 733 1181 ΑΒ,
756 1099 844 1182 ὄμμα
867 1093 904 1162 δέ
927 1101 1012 1163 ἐστω
1036 1099 1073 1163 τὸ
1093 1101 1126 1181 Γ,

115 1207 170 1274 καὶ
194 1207 272 1272 δέον
295 1209 377 1271 ἐστω
400 1207 437 1271 τὸ
462 1211 494 1270 Α
500 1209 528 1269 Β
555 1214 658 1288 μῆκος
685 1216 825 1289 γνῶναι,
857 1207 1001 1287 πηλίκον
1030 1205 1126 1270 ἐστίν.

63 1326 96 1375 10
114 1312 408 1401 προσπιπτέτωσαν
427 1311 556 1388 ἀκτῖνες
572 1313 609 1376 αἱ
622 1314 692 1394 ΓΑ,
826 1379 829 1383 ,

116 1423 192 1503 ΓΒ,
228 1416 283 1482 καὶ
316 1422 467 1503 εἰλήφθω
503 1417 601 1500 ἐγγὺς
632 1427 692 1482 τοῦ

866 1512 896 1570 A

116 1529 260 1611 ὄμματος
287 1535 347 1590 τοῦ
375 1528 408 1590 Γ
435 1523 487 1590 ἐπὶ
519 1535 577 1609 τῆς
604 1524 693 1589 ἀκτί-

116 1657 174 1711 νος
201 1634 303 1718 τυχὸν
330 1643 466 1716 σημεῖον
493 1632 530 1697 τὸ
559 1636 607 1714 Δ,
638 1630 694 1695 καὶ

114 1741 209 1826 ἤχθω
242 1740 298 1803 διὰ
330 1747 390 1803 τοῦ
417 1742 450 1801 Δ
483 1741 619 1821 σημείου
653 1748 692 1822 τῇ

63 1857 96 1906 16
116 1852 181 1913 ΑΒ
204 1847 414 1933 παράλληλος
436 1843 552 1908 εὐθεῖα
574 1842 594 1925 ἡ
618 1849 693 1908 ΛΕ.

116 1951 184 2018 ἐπεὶ
216 1949 279 2019 οὖν
309 1952 475 2037 τριγώνου
505 1959 565 2014 τοῦ
594 1953 700 2014 ΑΒΓ
737 1993 774 2054 A

114 2060 204 2145 παρὰ
217 2062 297 2143 μίαν
310 2069 377 2122 τῶν
390 2062 545 2142 πλευρῶν
558 2057 619 2140 την
633 2060 695 2121 BA
1082 2002 1117 2063 B

115 2160 211 2248 ἦκται
229 2163 250 2246 ἡ
267 2169 345 2246 ΔΕ,
368 2166 458 2228 ἐστιν
476 2166 550 2250 ἄρα,
572 2164 617 2240 ὡς
633 2164 654 2247 ἡ
670 2166 730 2228 ΓΔ
748 2165 831 2249 πρὸς
848 2164 910 2247 την
923 2168 956 2227 Δ
962 2169 1002 2248 Ε,
1026 2166 1130 2242 οὕτως

116 2271 137 2354 ἡ
153 2274 213 2336 ΓΑ
231 2272 314 2355 πρὸς
327 2270 389 2353 τὴν
402 2276 435 2334 Α
440 2273 478 2334 Β.
507 2268 579 2334 ἀλλ’
594 2269 611 2335 ὁ
626 2280 684 2354 τῆς
698 2272 759 2334 ΓΔ
776 2271 860 2355 πρὸς
872 2271 934 2354 την
947 2275 981 2334 A
986 2277 1018 2336 E
1036 2277 1131 2357 λόγος

64 2388 98 2437 20
117 2376 185 2442 ἐστὶ
205 2378 383 2462 γνώριμος·
406 2374 497 2441 καὶὸ
517 2384 574 2460 τῆς
592 2381 624 2440 Α
631 2379 663 2441 Γ
681 2378 745 2462 ἄρα
768 2377 851 2462 πρὸς
868 2378 929 2460 την
948 2382 1014 2443 ΑΒ
1034 2382 1131 2463 λόγος

116 2485 282 2570 γνώριμός
305 2482 404 2547 ἐστιν.
440 2481 495 2547 καὶ
518 2483 685 2569 γνώριμός
704 2482 794 2547 ἐστιν
812 2481 832 2564 ἡ
852 2489 884 2548 Α
891 2486 926 2547 Γ.
963 2486 1131 2572 γνώριμος

117 2591 181 2675 ἄρα
203 2587 258 2654 καὶ
281 2588 301 2672 ἡ
326 2592 402 2655 AB.

594 2695 658 2780 κβ’.

182 2818 258 2885 Ἐὰν
282 2819 318 2884 ἐν
341 2829 387 2908 τῷ
410 2820 499 2909 αὐτῷ
524 2819 682 2909 ἐπιπέδῳ,
710 2819 746 2885 ἐν
770 2813 796 2908 ᾧ
819 2821 856 2885 τὸ
880 2821 982 2905 ὄμμα,
1005 2821 1131 2888 κύκλου

64 2937 98 2986 25
116 2924 308 3013 περιφέρεια
345 2932 441 3011 τεθῇ,
477 2926 498 3009 ἡ
530 2936 590 2991 τοῦ
623 2928 746 2992 κύκλου
784 2924 976 3012 περιφέρεια
1015 2928 1132 2995 εὐθεῖα

117 3034 250 3121 γραμμὴ
274 3035 436 3117 φαίνεται.

184 3143 266 3204 ἐστω
285 3139 410 3203 κύκλου
428 3137 620 3223 περιφέρεια
638 3138 658 3222 η
673 3143 741 3204 ΒΓ
759 3138 795 3204 έν
813 3148 859 3227 τῷ
878 3139 968 3229 αὐτῷ
987 3139 1130 3233 ἐπιπέδῳ

116 3245 249 3331 κειμένη
281 3254 327 3332 τῷ
360 3245 479 3328 ὄμματι
511 3254 556 3332 τῷ
589 3250 635 3329 Α,
673 3243 732 3330 ἀφ’
762 3240 803 3310 οὗ
834 3248 1132 3331 προσπιπτέτωσαν

191 3409 213 3455 1.
240 3402 313 3455 Ante
342 3400 415 3455 ἐστιν
443 3400 497 3454 del.
522 3417 611 3469 comp.
642 3400 697 3469 ἄρα
725 3402 757 3458 Β.
847 3407 872 3459 4.
902 3401 951 3458 καί
966 3404 1050 3479 (alb.)]
1078 3425 1131 3463 om.

118 3471 242 3527 BVat.v.
316 3478 340 3526 ὅ.
361 3472 417 3526 ἐστι
435 3472 500 3526 vat.
566 3478 590 3526 6.
609 3473 671 3545 ια’]
691 3474 739 3544 ιβ’
759 3473 839 3528 codd.
906 3480 930 3530 9.
949 3474 1016 3549 καί]
1036 3495 1090 3534 om.
1105 3497 1132 3536 v.
