2334 3788
90 109 133 174 64
430 108 599 164 ιιααιιοιε
618 107 756 160 οενιαι..

89 265 157 319 τῶν
181 256 252 336 ΓΖ,
277 257 342 316 ΖΛ
370 251 461 318 ἐστιν
488 250 585 337 ὀρθή.
631 252 668 315 αἴ
693 247 730 315 δὲ
757 247 860 336 ὀρθαὶ
888 255 972 333 ἴσαι,
999 248 1040 313 τά
1063 245 1102 312 δὲ

89 361 154 424 ὑπὸ
179 366 261 424 ἴσων
283 369 417 442 γωνιῶν
435 358 586 444 ὁρώμενα
606 362 661 422 ἴσα
680 359 841 441 φαίνεται.
881 362 934 440 ἴση
954 358 1018 442 άρα
1037 380 1102 440 φα-

89 468 223 549 νήσεται
245 463 300 530 καὶ
323 465 343 548 η
367 469 433 529 ΑΒ
456 474 496 550 τῇ
521 467 589 528 ΓΔ.

156 572 239 637 άλῖά
262 573 303 655 δη
327 571 347 654 η
371 577 403 635 Α
409 576 437 635 Ζ
464 573 543 655 μήτε
567 577 621 654 ἴση
645 573 726 636 ἴστω
754 581 793 656 τῇ
819 570 855 635 ἐκ
877 578 938 634 τοῦ
960 567 1101 655 κέντρου

55 682 169 763 σμητε
200 680 283 765 πρὸς
310 677 416 764 ὀρθάς
447 685 493 765 τῷ
525 686 585 742 τοῦ
612 678 736 742 κύκλου
769 674 926 764 ἐπιπέδῳ,
960 683 1032 753 ἴσας
1064 673 1101 740 δὲ

90 790 213 870 γωνίας
243 789 376 849 ποιείτω
408 785 467 860 τάς
494 783 560 848 ὑπὸ
589 788 703 866 ΔΑΖ,
728 785 831 848 ΖΑΓ
858 781 913 847 καὶ
945 783 1003 858 τάς
1033 781 1100 847 ὑπὸ

89 898 200 977 ΕΑΖ,
224 895 332 956 ΖΑΒ.
378 888 477 973 λέγω,
501 891 551 955 ὅτι
573 887 628 954 καὶ
652 889 757 966 οὕτως
780 891 817 954 αἴ
838 889 1006 975 διάμετροι
1032 894 1101 954 ἴσαι

91 1000 413 1084 φανησονταιαίποι-

91 1115 188 1171 οῦσαι
197 1107 256 1182 τὰς
266 1111 338 1181 ἴσας
352 1128 413 1186 γω-

39 1225 73 1275 10
92 1216 173 1288 νίας.

158 1316 227 1382 ἐπεὶ
254 1319 317 1400 γάρ
344 1323 412 1381 ἴσαι

91 1422 176 1489 εἴσῖν
201 1425 238 1488 αἴ
258 1421 319 1509 μὲν
342 1427 411 1506 ΓΑ,

91 1536 157 1595 Az
171 1535 412 1613 μάταιαι,

91 1639 128 1702 αἴ
163 1635 199 1702 δὲ
236 1641 316 1720 ΒΑ,
346 1641 412 1700 ΑΖ

40 1761 73 1809 15
91 1757 163 1821 ταῖς
178 1749 248 1827 ΖΑ,
263 1748 339 1827 ΑΕ,
357 1741 412 1808 καῖ

91 1855 129 1917 αἴ
171 1855 290 1934 γωνίαι
334 1857 431 1935 ἴσαι,

91 1959 187 2042 βάσις
205 1961 269 2044 άρα
283 1958 303 2041 η
318 1962 385 2021 ΛΖ
403 1957 497 2040 βάσει
511 1967 550 2043 τῇ
566 1960 633 2021 ΖΓ
646 1963 700 2041 ἴση
715 1957 817 2022 ἐστίν·
837 1959 918 2021 ὥστε
932 1955 987 2021 καὶ
1001 1955 1101 2040 ηὑπὸ

91 2069 191 2128 ΛΖΑ
215 2071 269 2147 ἴση
292 2073 331 2149 τῇ
354 2065 419 2129 ὑπὸ
443 2070 475 2128 Α
482 2067 551 2128 ΖΓ.
587 2064 708 2148 ὁμοίως
731 2066 772 2148 δη
796 2062 954 2149 δείξομεν,
978 2064 1028 2129 ὅτι
1046 2062 1103 2129 καῖ

92 2169 112 2252 η
135 2169 200 2234 ὑπὸ
224 2175 325 2234 ΕΖΑ
349 2176 402 2253 ἴση
426 2168 494 2233 ἐστὶ
516 2179 556 2254 τῇ
577 2169 643 2235 ὑπὸ
667 2174 776 2234 ΑΖΒ.
822 2171 881 2254 ὅλη
905 2172 969 2256 άρα
992 2170 1012 2253 ἡ
1035 2171 1101 2236 ὑπὸ

40 2281 191 2341 νοΛΖΒ
221 2283 274 2359 ἴση
304 2273 372 2340 ἐστὶ
398 2285 438 2360 τη
460 2275 525 2340 ὑπὸ
548 2279 653 2340 ΕΖΓ.
700 2278 783 2341 ὥστε
805 2275 860 2341 καὶ
883 2279 921 2341 αἴ
941 2282 1019 2362 ΑΒ,
1038 2281 1106 2343 ΕΓ

92 2382 260 2466 διάμετροι
285 2387 352 2445 ἴσαι
376 2384 591 2465 φανήσονται.

570 2576 627 2642 λε’.

156 2698 231 2765 Ἐὰν
259 2697 296 2764 δὲ
322 2699 342 2783 ἡ
371 2700 434 2765 άπὸ
462 2710 521 2765 τοῦ
545 2703 689 2786 ὄμματος
715 2706 798 2790 πρὸς
820 2705 857 2769 τὸ
880 2703 1019 2790 κέντρον
1041 2714 1101 2770 τοῦ

91 2808 215 2872 κύκλον
238 2811 489 2894 προσπίπτουσα
511 2810 591 2892 μήτε
612 2812 696 2895 πρὸς
717 2810 823 2897 ὀρθάς
845 2837 866 2898 η
889 2821 935 2898 τῷ
959 2810 1101 2901 ἐπιπέδῳ

39 2929 73 2980 25
92 2923 152 2978 τοῦ
183 2915 307 2980 κύκλου
339 2916 418 2999 μήτε
449 2924 489 3000 τῇ
517 2915 552 2979 έκ
578 2925 639 2980 τοῦ
666 2915 806 3004 κέντρου
839 2925 893 3002 ἴση
921 2921 1001 3003 μήτε
1029 2925 1103 2996 ἴσας

92 3024 214 3104 γωνίας
240 3019 449 3107 περιέχουσα,
481 3023 518 3085 αἴ
548 3023 716 3108 διάμετροι
747 3026 857 3089 άνισοι
884 3027 1102 3110 φανήσονται,

92 3129 175 3213 πρὸς
198 3127 236 3204 δς
258 3138 348 3192 ποιεί
368 3126 504 3203 άνίσονς
527 3132 658 3210 γωνίας.

165 3325 188 3375 1.
212 3320 280 3391 τῶν]
304 3335 357 3373 om.
376 3318 497 3373 vat.¹m.
592 3322 658 3393 ΖΔ]
688 3326 708 3375 Ζ
730 3322 784 3377 del.
805 3324 837 3379 V.
929 3324 1004 3394 ὀρθή
1028 3325 1103 3381 ἐστιν

92 3393 189 3447 Vat.v.
262 3397 286 3444 4.
306 3390 336 3459 μ’
352 3389 385 3458 V,
405 3389 449 3459 λη’
465 3408 500 3445 m.
521 3396 536 3443 2
555 3392 620 3446 vat.
688 3394 717 3465 ἡ]
737 3394 785 3449 καῖ
803 3396 821 3465 η
839 3395 935 3452 Vat.v.
1010 3404 1034 3452 6.
1054 3398 1104 3453 καῖ

91 3462 142 3522 τὰς
159 3461 226 3532 ὑπό]
250 3461 281 3514 in
298 3478 352 3516 ras,
371 3461 404 3530 V,
432 3460 483 3524 τδις
500 3462 554 3517 ὑπό
579 3480 631 3518 om.
651 3482 681 3535 v,
709 3483 744 3520 m.
765 3473 781 3520 2
800 3467 864 3522 Vat.
957 3476 979 3524 7.
1004 3467 1103 3541 οὕτως]
