2334 3788
106 135 170 200 112
445 135 617 188 Euchls
636 134 775 188 ονιιοι.

578 337 643 396 νγ.

177 443 244 504 Τοῦ
263 441 407 524 ὄμματος
425 441 538 522 ἔγγιον
555 446 615 502 τοῦ
633 434 804 523 ὁρωμένου
818 439 1015 522 προσιόντος
1029 432 1118 512 δόξει

106 547 143 611 τὸ
168 544 339 631 ὀρόμενον
363 543 537 629 ηὐξῆσθαι.

172 652 309 738 όράσθω
328 653 391 736 γὰρ
410 652 447 716 τὸ
466 654 532 716 ΒΓ
550 659 610 715 τοῦ
629 653 773 735 ὄμματος
791 648 844 715 ἐπὶ
862 651 899 715 τὸ
920 655 947 714 Ζ
965 647 1118 733 κειμένου

71 760 170 825 σὺπὸ
203 770 270 824 τῶν
305 762 382 841 ΖΒ,
412 761 478 823 ΖΓ
505 756 658 841 ἀκτίνων,

105 863 161 931 καὶ
175 868 378 949 μετακείσθω
393 866 430 929 τὸ
445 862 534 948 ὄμμα
547 867 659 947 ἔγγιον
704 847 743 913 13

106 981 166 1037 τοῦ
185 975 254 1036 ΒΓ
270 969 326 1036 καὶ
349 973 431 1036 ἔστω
456 969 509 1035 ε’πλ
533 979 593 1036 τοῦ
615 977 658 1054 Δ,

106 1077 161 1144 καὶ
184 1078 320 1163 όράσθω
344 1079 381 1143 τὸ
405 1078 485 1142 αὐτὸ
507 1077 573 1142 ὑπὸ
592 1089 659 1142 τῶν

107 1191 140 1250 Δ
147 1189 191 1269 Β,
222 1189 297 1249 ΔΓ
327 1184 480 1249 ἀκτίνων.
535 1184 659 1248 οὐκοῦν

56 1301 90 1350 10
108 1294 226 1376 μείζων
246 1290 266 1374 ἡ
285 1297 318 1356 Δ
340 1295 446 1374 γωνία
468 1299 526 1373 τῆς
546 1295 573 1354 Ζ
596 1313 659 1371 γω-

107 1401 195 1474 νίας·
218 1398 259 1461 τά
282 1393 319 1461 δὲ
340 1396 406 1461 ὑπὸ
429 1399 576 1480 μείζονος
595 1420 659 1478 γω-

108 1507 182 1580 νίας
205 1503 356 1589 ὁρώμενα
382 1505 514 1587 μείζονα
542 1505 703 1586 φαίνεται.
753 1499 841 1579 δόξει
868 1503 932 1587 ἀρα
953 1498 1119 1584 ηὐξῆσθαι

108 1610 145 1675 τὸ
166 1613 232 1675 ΒΓ
249 1617 310 1674 τοῦ
333 1611 478 1693 ὄμματος
496 1606 549 1673 ἐπὶ
568 1617 627 1672 τοῦ
646 1614 680 1673 Δ
702 1609 799 1683 ὄντος
821 1609 902 1693 ἥπερ
927 1605 979 1672 ἐπὶ
1002 1615 1062 1671 τοῦ
1083 1612 1119 1672 Ζ.

584 1802 649 1868 νό’.

57 1940 90 1989 16
180 1933 255 1993 Τῶν
283 1933 343 2015 ίσςο
372 1927 462 2012 τάχει
489 1926 683 2013 φερομένων
710 1927 750 1990 τά
777 1928 890 2011 πόρρω
919 1927 1011 1990 δοκεῖ
1038 1929 1118 2009 βρα-

17 2028 18 2032 “
110 2037 249 2121 ὄότερον
272 2033 444 2119 φέρεσθαι.

175 2140 329 2227 φερέσθω
353 2141 415 2226 γὰρ
445 2143 603 2223 ἰσοταχῶς
630 2140 670 2204 τά
693 2143 737 2221 Β,
756 2141 801 2222 Κ,
829 2136 883 2202 καὶ
912 2137 975 2203 ἀπὸ
1002 2147 1063 2202 τοῦ
1087 2144 1119 2202 Α

109 2250 252 2331 ὄμματος
276 2245 404 2322 ἀκτῖνες
431 2248 590 2329 ἤχθωσαν
619 2247 656 2309 αί
677 2252 709 2310 Α
716 2248 752 2328 Γ,
776 2250 850 2328 ΑΔ,
874 2251 906 2309 A
913 2250 948 2309 Z.
994 2245 1119 2309 οὐκοῦν

109 2353 146 2416 τὸ
178 2355 207 2415 Β
243 2355 392 2435 μείζονας
427 2355 492 2435 ἔχει
523 2352 582 2427 κάς
617 2351 681 2417 ἀπὸ
717 2359 778 2415 τοῦ
810 2353 953 2435 ὄμματος
985 2351 1120 2427 ἀκτῖνας

56 2469 91 2519 20
109 2455 252 2541 ἠγμένος
275 2459 356 2543 ἥπερ
380 2459 417 2522 τὸ
436 2460 476 2521 K.
513 2460 622 2541 μεῖζον
646 2459 709 2543 ἀρα
732 2457 895 2541 ὃιάστημα
918 2459 1119 2522 διελεύσεται

45 2589 51 2604 ¹
110 2562 164 2628 καὶ
186 2564 327 2654 ὕστερον
350 2563 583 2648 παραλλάσσον
606 2565 667 2647 τὴν
690 2570 722 2628 Α
728 2569 755 2628 Ζ
779 2566 858 2643 ὄγιν
886 2561 972 2641 όόξει
995 2565 1120 2648 βραδύ-

110 2693 207 2755 τερον
230 2668 401 2755 φέρεσθαι.

532 2793 687 2870 ’Ἁλλως

179 2916 338 3001 Φερέσθω
362 2919 425 3002 γάρ
444 2919 506 2982 δύο
526 2919 701 3002 σημεῖατὰ
720 2923 805 3002 Α,Β
829 2917 881 2983 ἐπὶ
900 2921 1120 3003 παραλλήλων

58 3035 92 3084 25
111 3024 263 3108 εὐθειῶν,
287 3028 374 3109 ὄμμα
398 3023 434 3090 δέ
457 3029 539 3090 ἔστω
563 3027 600 3090 τὸ
621 3031 658 3109 Ζ,
682 3017 741 3109 ἀφ’
762 3021 803 3091 οὗ
826 3024 1120 3109 προσπιπτέτωσαν

111 3130 239 3208 ἀκτίνες
267 3133 303 3196 αλ
325 3136 399 3215 ΖΑ,
425 3135 501 3215 ΖΒ,
526 3136 601 3214 ΖΕ,
627 3137 700 3196 ΖΛ.
746 3130 841 3216 λέγω,
870 3132 920 3196 ὄτι
946 3134 982 3197 τὸ
1006 3135 1119 3218 πόρρω

111 3237 148 3301 τὸ
176 3243 208 3301 Α
240 3238 333 3302 δοκεῖ
357 3239 563 3322 βραδύτερον
591 3237 753 3322 φέρεσθαι
781 3247 840 3302 τοῦ
870 3242 907 3302 B.
960 3236 1029 3303 ἐπεὶ
1056 3239 1119 3323 γάρ

46 2896 49 2901 ’
73 2892 86 2929 Β

183 3416 206 3466 1.
227 3412 285 3483 νγ]
305 3429 358 3466 om.
378 3429 403 3480 v,
423 3412 467 3476 ξδ’
483 3412 516 3480 V,
536 3412 580 3483 ξβ’
596 3431 631 3467 m.
652 3419 667 3465 2
686 3413 750 3467 Vah.
829 3418 852 3466 2.
874 3411 977 3484 ἔγγιον]
998 3429 1066 3467 corr.
1087 3429 1121 3466 ex

104 3480 217 3548 ἔγγειον
238 3483 266 3551 V,
289 3481 382 3537 ἀθλίω,
401 3487 423 3537 6.
506 3488 530 3538 4.
552 3483 674 3554 ὁρᾶσθαι
693 3501 718 3538 v.
793 3489 816 3536 7.
834 3491 884 3538 τοῦ
899 3483 982 3555 (alm
1002 3501 1070 3539 corr.
1087 3500 1120 3538 ex
