2334 3788
84 140 127 206 66
427 142 600 194 εουιωιε
619 133 756 194 0ch.

152 288 233 351 ἔστω
260 287 380 362 κύκλος
403 285 421 351 ὁ
436 288 579 368 ΑΒΓΔ,
602 282 657 349 καὶ
675 287 835 369 ἤχθωσαν
853 271 914 350 δύο
929 284 1102 370 διάμετροι

85 395 122 458 αί
138 399 170 457 Α
177 395 214 476 Γ,
231 396 295 457 ΒΔ
317 391 495 489 τέμνουσαι
518 391 660 475 ἀλλήλας
682 392 765 478 πρὸς
788 391 894 477 ὀρθάς
912 393 995 456 κατα
1012 393 1049 456 τὸ
1069 397 1104 456 Ε

86 513 236 584 σημεῖον,
266 498 321 565 καὶ
344 499 364 582 η
389 496 452 565 ἀπὸ
472 508 532 564 τοῦ
551 505 582 564 Ε
603 503 740 583 σημείου
764 496 961 583 ἀναγομένη,
985 497 1039 584 ἐφ’
1060 493 1102 582 ἧς

85 608 122 672 τὸ
156 609 243 691 ὄμμα
274 618 392 690 κείται,
424 605 444 688 ἡ
478 611 543 670 ΖΕ

50 716 162 799 σμητε
199 714 282 798 πρὸς
316 712 422 798 ὀρθάς
458 716 540 778 ἔστω

85 829 130 908 τῷ
155 818 298 907 ἐπιπέδῳ
321 820 401 903 μήτε
426 825 480 901 ίση
501 829 540 905 τῇ

86 926 121 991 ἐκ
139 934 199 991 τοῦ
213 924 353 1011 κέντρου
372 926 451 1010 μήτε
469 931 542 1001 ίσας

86 1036 209 1116 γωνίας
236 1030 432 1118 περιέχουσα
461 1033 541 1116 μετὰ

70 1150 154 1205 ’τῶν
190 1141 275 1222 ΑΓ,
307 1142 384 1202 ΛΒ.
445 1136 540 1221 λέγω,
609 1183 622 1231 Ι,

34 1255 68 1305 10
87 1247 138 1312 ὅτι
155 1249 265 1311 άνισοι
282 1244 492 1329 ὀφθήσονται
506 1245 544 1308 αί

86 1359 118 1417 Α
124 1355 160 1435 Γ,
178 1355 244 1415 ΑΒ
265 1351 442 1442 διάμετροι.
470 1350 540 1415 ἐπε-

88 1460 278 1543 ζεύχθωσαν
310 1459 372 1543 γὰρ
406 1458 443 1520 αί
469 1460 540 1539 ΖΓ,

87 1570 168 1648 ΖΑ,
188 1569 264 1647 ΖΛ,
284 1567 355 1627 ΖΒ.
405 1564 478 1646 ύτοι
502 1558 564 1628 οὖν
586 1564 704 1647 μείζων
727 1561 817 1627 ἐστὶν
840 1563 860 1646 η
883 1568 946 1628 ΕΖ
974 1572 1032 1647 τῆς
1064 1563 1100 1628 ἐκ

86 1680 146 1736 τοῦ
173 1670 312 1757 κέντρου
340 1668 360 1752 ἢ
389 1668 545 1734 ἐλάσσων.
600 1669 656 1733 διὰ
682 1676 786 1733 ταῦτα
814 1670 855 1753 δη
882 1670 956 1752 ἤτοι
980 1672 1099 1753 μείζων

35 1786 68 1835 15
88 1776 177 1844 ἐστίν
208 1777 228 1861 ἡ
260 1777 325 1842 ὑπὸ
353 1781 434 1859 ΔΖ,
459 1781 520 1840 ΖΒ
555 1784 612 1859 τῆς
643 1776 707 1840 ὑπὸ
736 1780 811 1859 ΓΖ,
836 1781 901 1840 ZA
928 1775 948 1859 ἢ
981 1776 1001 1859 ἡ
1033 1776 1098 1841 ὑπὸ

87 1895 154 1950 τῶν
182 1887 260 1968 ΓΖ,
286 1889 351 1948 ΖΑ
383 1892 440 1966 τῆς
467 1883 531 1947 ὑπὸ
555 1887 636 1965 ΛΖ,
659 1887 735 1965 ΖΒ,
768 1883 813 1959 ὡς
841 1880 912 1966 ἑξῆς
940 1880 1099 1966 δειξομεν.

88 1994 198 2057 ἄνισοι
222 1993 285 2076 ἄρα
309 1991 346 2055 αί
367 1990 536 2075 διάμετροι
560 1988 778 2073 ὀφθησονται.

520 2188 665 2268 Λῆμμα.

145 2307 253 2372 Ἔστω
272 2309 402 2390 κύκλος,
426 2303 466 2372 οὗ
484 2304 622 2393 κέντρον
640 2311 721 2372 ε”στω
741 2310 777 2373 τὸ
793 2315 825 2373 A
843 2321 988 2393 σημεῖον,
1012 2301 1100 2394 ὄμμα

37 2422 72 2472 20
90 2411 127 2478 δὲ
150 2415 186 2478 τὸ
210 2417 253 2496 Β,
277 2412 336 2497 ἀφ’
358 2409 398 2478 οὗ
422 2412 475 2478 ἐπὶ
498 2415 557 2477 τὸν
579 2415 702 2479 κύκλον
724 2415 864 2493 κάθετος
887 2413 1029 2500 ἀγομένη
1053 2416 1098 2499 μη

88 2519 229 2584 πιπτέτω
254 2517 306 2584 ἐπὶ
329 2520 366 2584 τὸ
389 2519 527 2605 κέντρον
549 2521 586 2584 τὸ
611 2527 653 2603 Α,
676 2520 748 2586 ἀλλ’
770 2522 871 2605 ἐκτός,
894 2521 949 2587 καί
972 2525 1054 2587 έστω
1078 2521 1099 2604 ἡ

89 2629 166 2709 ΒΓ,
198 2624 253 2689 καὶ
281 2625 463 2709 ἐπεζεύχθω
488 2625 634 2691 ἀπὸτοῦ
658 2635 690 2692 A
718 2626 770 2692 ἐπὶ
792 2630 829 2692 τὸ
855 2630 887 2691 Γ
908 2627 928 2709 ἡ
952 2630 1023 2691 ΑΓ
1045 2625 1100 2692 καὶ

89 2731 153 2796 ἀπὸ
177 2740 236 2795 τοῦ
260 2736 293 2794 A
320 2730 373 2795 ἐπὶ
395 2733 432 2796 τὸ
455 2737 483 2795 Β
511 2733 630 2816 ἡΑΒ.
681 2731 778 2817 λέγω,
812 2735 862 2799 ὅτι
888 2745 1004 2799 πασῶν
1032 2745 1101 2799 τῶν

89 2847 223 2921 γωνιῶν
245 2848 313 2902 τῶν
336 2838 577 2924 περιεχομένων
599 2839 664 2905 ὑπὸ
688 2852 754 2905 τῶν
778 2842 834 2904 διά
852 2850 911 2905 τοῦ
931 2847 963 2905 A
986 2843 1099 2923 διαγο-

36 2954 71 3004 25
91 2944 201 3029 μένων
233 2944 376 3009 εὐθειῶν
406 2942 461 3009 καί
491 2946 661 3011 ποιουσῶν
691 2947 774 3032 πρὸς
806 2957 845 3033 τῇ
879 2951 947 3011 ΑΒ
984 2947 1100 3033 εὐθείᾳ

89 3054 215 3134 γωνίαν
245 3050 397 3134 ἐλαχίστη
425 3049 514 3116 ἐστίν
546 3051 566 3134 η
594 3052 658 3117 ὑπὸ
689 3064 756 3117 τῶν
785 3057 858 3136 ΓΑ,
882 3057 957 3118 AB.
1003 3055 1098 3137 ἤχθω

162 3277 353 3347 κάμνουσιν
370 3278 444 3346 νοῶ,
469 3278 519 3331 sed
537 3295 604 3333 corr.
696 3286 720 3335 3.
742 3278 915 3352 ἀναγομένη]
934 3280 1011 3350 prius
1031 3303 1050 3335 α
1069 3280 1099 3333 in

89 3366 142 3404 τοι.
162 3350 195 3404 V.
282 3358 305 3405 4.
328 3353 379 3404 ΖΕ
416 3353 468 3404 ΕΖ
486 3350 582 3404 Vam.
666 3357 706 3406 11.
726 3353 791 3423 AB]
812 3358 859 3406 BA
878 3353 974 3408 λίσαι.
1057 3358 1097 3406 13.

92 3424 147 3489 ΖΔ,
165 3421 225 3511 ZB]
247 3425 304 3489 ZB,
321 3426 368 3476 ΖΔ
412 3423 481 3476 κατ’.
537 3423 630 3490 μεῖζον
644 3440 669 3476 v,
726 3429 766 3477 14.
784 3421 903 3478 ἐλάττων
917 3442 942 3479 v.
997 3425 1098 3495 ταῦτα]

86 3489 125 3543 τά
139 3492 216 3545 αύτα
234 3491 298 3548 Vm.
364 3497 405 3548 15.
424 3497 487 3562 AZ,
505 3494 566 3566 ZB]
585 3499 611 3548 Δ
619 3497 667 3547 ΖΒ
686 3493 807 3564 Vat.¹m‚
828 3511 843 3549 e
861 3511 929 3550 corr.
948 3494 981 3550 V.
1038 3498 1099 3562 ΓΖ,
