2334 3788
432 135 602 187 nucnims
622 134 760 188 cruce
1037 129 1102 195 109

89 278 370 363 cequcdistnntem
392 277 498 343 dictae
516 282 634 362 rectae,
658 276 743 361 quod
766 274 923 340 remotius
947 276 988 340 cb
1008 276 1101 340 oculo

88 385 125 450 id
147 386 234 469 quod
256 384 391 469 propius
413 384 602 469 praecedere
629 382 771 468 uidetur,
798 381 1000 446 mutantibus
1023 403 1101 446 uero

89 491 286 576 praecedens
304 490 433 575 quidem
453 490 616 575 subsequi,
639 490 725 573 quod
743 510 821 553 uero
841 488 996 574 sequitur,
1013 511 1103 573 prae-

91 599 210 663 cedere.

157 703 306 770 ferantur
329 704 415 769 enim
439 703 566 788 aequali
589 701 753 767 celeritate
779 701 833 784 by,
856 703 911 787 dr,
934 702 979 766 Ῑοο
1007 723 1103 787 super
1139 715 1155 764 5

90 833 190 876 unam
213 811 254 876 ad
277 815 383 876 rectos
401 810 481 895 ipsis
501 810 693 874 existentem
712 812 835 872 rectam
853 829 901 891 9ο
921 808 957 873 in
975 810 1103 873 easdem

86 923 201 1003 *partes
229 919 309 983 fines
332 917 522 982 habentium
546 938 580 1002 9,
602 937 633 1001 π,
656 938 690 1002 ο,
722 919 755 979 et
783 915 824 980 ab
852 915 945 980 oculo
975 914 1103 999 quidem

803 1021 975 1106 parallelos
994 1020 1103 1085 traha-

803 1131 857 1190 tur
883 1128 931 1192 mt
961 1129 990 1193 ei
1023 1150 1103 1213 quae

703 1256 742 1310 Ρ
803 1238 853 1298 est
877 1255 938 1320 yn,
969 1239 1001 1298 et
1028 1251 1157 1300 con-10

803 1341 981 1426 iungantur
1029 1363 1103 1425 my,

568 1447 605 1503 Σ
713 1447 747 1504 Τ
802 1468 869 1533 νον,
891 1469 957 1512 mu.
1002 1448 1104 1533 igitur

802 1555 997 1638 praecedens
1013 1555 1104 1620 uide-

803 1666 858 1726 tur
894 1663 951 1746 by,
993 1663 1104 1726 subse-

805 1789 905 1852 quens
943 1789 1021 1832 uero
1057 1767 1105 1831 Ιοο
1124 1783 1157 1832 15

804 1878 938 1958 propter
983 1877 1016 1938 et
1063 1873 1104 1936 ab

80 1980 190 2056 ¹oculo
209 1979 421 2044 incidentium
439 1979 603 2044 radiorum
621 2001 677 2063 my
696 2002 824 2065 superq
843 1981 987 2045 dirimari
1001 1980 1104 2045 uideri

94 2086 200 2173 magis
235 2086 307 2151 aliis
339 2086 446 2151 radiis.
506 2085 615 2171 itaque
642 2087 685 2170 by
720 2087 909 2171 praecedere
940 2087 1105 2152 uidebitur

95 2193 334 2275 accedentibus,
363 2192 447 2257 sicut
475 2192 597 2256 dictum
624 2197 683 2257 est.
729 2194 931 2258 mutantibus
954 2216 1031 2259 uero
1055 2195 1105 2280 by,

95 2301 151 2385 dc,
173 2299 219 2363 Ῑοο
246 2302 278 2363 et
302 2299 385 2364 sicut
407 2320 468 2383 νον,
485 2321 546 2384 pr,
569 2305 603 2364 st
630 2300 726 2366 factis
755 2300 901 2366 accidant
928 2301 1010 2366 radii
1037 2322 1105 2385 mu,
1123 2317 1158 2365 20

95 2426 161 2491 νον),
183 2425 243 2470 ms.
289 2427 366 2491 crgo
389 2427 437 2471 ον
465 2405 578 2471 deduci
600 2406 730 2472 uidetur
753 2430 849 2492 super
871 2429 894 2472 νο
915 2414 1049 2493 propter
1072 2411 1104 2473 et

16 2546 35 2569 ·
95 2533 155 2577 mn
172 2511 299 2577 radium
318 2513 429 2577 deduci
449 2536 545 2599 super
558 2535 580 2578 νο
598 2514 702 2601 magis
722 2514 794 2603 aliis
813 2515 921 2580 radiis.
952 2515 1055 2601 igitur
1073 2521 1107 2580 st

96 2639 193 2704 super
220 2624 234 2683 t
264 2617 431 2683 deducitur
456 2625 589 2704 propter
617 2626 725 2686 etms
753 2621 892 2686 deriuari
914 2627 952 2686 ut
975 2644 1071 2707 super
1094 2627 1107 2686 t

401 1831 454 1892 M

96 2725 201 2811 magis
224 2725 296 2789 aliis
320 2725 427 2790 radiis.
463 2726 566 2811 igitur
584 2728 626 2811 by
649 2728 777 2824 quidem
795 2729 989 2814 praecedens
1009 2750 1106 2812 super

169 2924 193 2973 6,
213 2917 365 2972 existentes
384 2918 422 2970 D.
505 2923 527 2972 7.
547 2920 573 2990 ν]
594 2934 608 2984 π
626 2919 664 2972 D.
747 2925 787 2974 17.
811 2919 965 2991 radiorum]
984 2937 1053 2975 corr.
1072 2937 1106 2975 οοο

95 2988 254 3043 mediorum
275 2990 313 3043 D.
404 2987 541 3060 dhimcri]
565 3007 613 3044 scr.
635 2989 769 3058 deriuari3
798 2993 847 3059 cfr.
868 2993 915 3046 liu.
934 2995 980 3046 23.
1062 2997 1104 3045 20.

96 3062 159 3132 mu]
180 3063 285 3115 ierac
304 3077 338 3114 m.
358 3064 374 3113 1
393 3060 430 3114 D.
503 3065 545 3116 22.
564 3062 596 3132 ον]
617 3079 651 3114 ·n·
669 3063 707 3117 D.
780 3067 822 3115 24.
842 3062 891 3132 by]
909 3080 926 3133 9
948 3078 1046 3117 eccrr.
1066 3063 1104 3116 D.

98 3289 132 3327 ex
149 3272 199 3328 τόν
218 3273 251 3327 V.
325 3278 365 3326 15.
387 3274 460 3344 ΣΤ]
480 3277 578 3330 Στῶν
596 3275 691 3329 Vatv.
749 3271 904 3343 γινομένων
923 3293 948 3344 v,
968 3275 1017 3328 sed
1036 3292 1104 3330 corr.

97 3343 205 3398 Deinde
225 3344 289 3398 add.
309 3343 516 3399 ἐπακολουθεῖν
534 3345 654 3401 Vat.²m.
744 3343 936 3414 προσπιπτέτω
955 3363 980 3400 v.
1062 3352 1104 3403 16.

97 3416 257 3487 παρῆχθαι]
272 3413 400 3483 παρηλλοί
417 3419 515 3469 duem.
576 3423 617 3471 17.
633 3420 665 3470 Ν
672 3418 852 3488 (utmmque)]
867 3419 895 3476 Ξ
906 3416 1106 3473 Weissenborn

97 3493 181 3556 ΜΟ.
255 3491 296 3540 19.
316 3485 347 3541 τὸ
366 3436 430 3558 cci]
449 3495 499 3542 τοῦ
517 3505 542 3543 v.
616 3489 977 3560 MZtccrrexMVut.
1117 3528 1128 3563 Ι
