2334 3788
84 114 87 119 ’
104 123 167 189 138
329 126 485 179 scflom
502 127 542 178 m
558 126 728 178 Eucmms
739 114 885 178 οντων.

102 268 158 334 καῖ
180 268 200 351 ἡ
219 274 283 334 ΕΖ
305 278 344 355 τῇ
366 273 437 335 ΓΛ·
461 269 557 353 βασις
575 271 639 355 ἄρα
656 268 681 353 ή
699 271 768 334 ΕΓ
785 268 879 352 βάσει
902 279 941 354 τῇ
963 267 1029 342 ΛΞ
1051 273 1118 351 ἴση,

104 374 158 440 καῖ
182 378 219 440 αἴ
240 374 352 441 λοιιταῖ
377 379 494 458 γωνίαι
517 387 590 452 ταῖς
612 381 743 452 λοιπαῖς
765 378 913 458 γωνίαις·
939 380 993 457 ἴση
1014 373 1118 459 ίίηαή

103 483 169 549 ὑπὸ
198 486 295 547 ΓΕΖ
327 491 366 567 τή
394 483 459 548 ὑπὸ
488 482 600 555 AEN.
656 483 713 547 διὰ
740 484 780 546 τὰ
808 482 891 548 αὐτὰ
922 479 977 546 καὶ
1005 480 1025 562 ἡ
1052 481 1119 546 ὑπὸ

107 595 206 654 ΖΕΔ
234 594 288 671 ἴση
314 599 354 675 τῇ
377 589 442 654 ὑπὸ
466 589 586 662 ΝΞΜ.
633 590 692 672 ὅλη
716 591 780 675 ἄρα
802 587 823 672 ή
846 589 911 653 ὑπὸ
937 591 1035 653 ΓΕΔ
1064 593 1119 672 ἴση

71 695 176 761 σε’στῖ
199 705 238 781 τη
260 696 326 761 ὑπὸ
351 695 471 769 ΛΞΜ.

173 823 224 886 66.
252 819 438 904 ’Έσταιιδή
466 823 525 884 καί
548 843 580 904 p.
601 822 655 904 74,
676 820 710 904 8]
738 819 807 885 ἐπεὶ
830 819 850 902 ή
873 824 942 884 ΗΖ
970 824 1024 901 ἴση
1049 816 1118 884 ἐστὶ

105 938 145 1013 τῇ
160 932 240 1011 ΛΝ,
260 926 280 1009 ἡ
300 924 337 992 δὲ
352 932 416 992 ΖΕ
433 925 577 1009 ὑπετέθη
597 933 652 1011 ἴση
671 937 710 1013 τῇ
725 932 804 1011 ΝΟ,
823 925 1000 1009 καῖήὺιτὸ
1015 929 1122 990 ΗΖΕ

107 1040 162 1118 ἴση
185 1045 224 1120 τῇ
248 1033 313 1099 ὑπὸ
337 1038 455 1118 ΛΝΟ,
478 1037 570 1099 ἔσται
593 1032 648 1098 καῖ
671 1034 691 1117 ἡ
710 1037 784 1098 ΕΗ
800 1034 897 1117 βάσις
921 1038 975 1115 ἴση
998 1041 1037 1116 τή
1060 1035 1121 1096 ΟΛ

107 1139 162 1205 καὶ
189 1141 226 1206 τὸ
255 1143 419 1225 τρίγωνον
447 1150 492 1228 τῷ
521 1141 672 1227 τριγώνῳ
705 1138 760 1204 καῖ
788 1138 808 1221 ή
835 1139 900 1204 ὑπὸ
928 1143 1032 1203 ΗΕΖ
1066 1144 1120 1222 ἴση

57 1261 91 1309 10
109 1258 148 1332 τῇ
174 1247 239 1312 ὑπὸ
263 1250 377 1311 ΛΟΝ.
424 1245 493 1312 ἐπεὶ
521 1243 583 1312 οὖν
611 1247 755 1312 εὐθειῶν
781 1257 849 1311 τῶν
872 1250 1043 1330 ΕΖ,οΝ
1067 1243 1118 1310 ἐπ’

107 1354 249 1418 εὐθειῶν
281 1360 469 1419 σταθεισῶν
501 1356 676 1436 γεγόνασιν
710 1354 747 1417 αί
776 1353 842 1417 ὑιτὸ
870 1356 989 1436 ΗΖΕ,
1014 1355 1120 1416 ΛΝΟ

107 1458 264 1544 ἴσαι,καῖ
287 1462 324 1524 αἴ
346 1459 458 1525 λοιιταῖ
481 1462 517 1524 αἴ
537 1460 602 1525 ὑπὸ
621 1464 653 1523 Ε
660 1464 734 1543 ΖΘ,
755 1464 872 1524 ΟΝΜ
890 1465 959 1525 ἴσαι
980 1461 1120 1523 ἔσονται.

107 1564 162 1631 καῖ
186 1564 255 1630 ἐπεὶ
277 1565 297 1649 ή
321 1571 394 1650 ΕΖ,
415 1571 478 1631 ΖΘ
502 1573 555 1650 ἴση
580 1564 649 1631 ε’στῖ
672 1577 711 1652 τῇ
732 1570 810 1649 ΟΝ,
828 1570 918 1639 ΝΜ,
941 1563 997 1630 καὶ
1015 1569 1121 1647 γωνία

109 1669 217 1754 ήὺττὸ
240 1676 340 1737 ΕΖΘ
368 1678 421 1756 ἴση
449 1683 488 1758 τή
515 1673 580 1737 ὑπὸ
606 1677 733 1756 ΟΝΜ,
765 1672 862 1756 βιίσις
888 1670 908 1755 ή
932 1676 999 1736 ΕΘ
1026 1671 1120 1755 βιίσει

56 1793 88 1844 15
108 1787 146 1864 τη
172 1783 250 1843 OM
272 1786 326 1862 ἴση
353 1777 408 1844 ιιαῖ
431 1780 468 1843 τὸ
491 1783 656 1865 τρίγωνον
683 1788 729 1867 τῷ
753 1779 904 1866 τριγώνῳ
931 1775 1030 1859 καὶὴ
1055 1778 1120 1843 ὑπὸ

110 1890 208 1950 ΖΕΘ
236 1891 290 1969 ἴση
313 1895 353 1971 τή
377 1886 441 1951 ὑπὸ
464 1890 586 1951 ΝΟΜ.
634 1886 693 1969 ὅλη
717 1887 781 1971 ἄρα
804 1885 824 1968 η
847 1885 913 1949 ὑπὸ
936 1887 1043 1949 ΗΕΘ
1066 1890 1120 1967 ἴση

109 2003 148 2078 τῇ
170 1992 235 2056 ὑπὸ
260 1996 379 2057 ΛΟΜ.
427 2015 430 2021 ’

177 2118 228 2180 67.
259 2114 345 2181 Ἐπεὶ
370 2113 431 2182 οὖν
454 2120 572 2201 μείζων
596 2115 685 2183 ἐστὶν
708 2115 728 2198 ή
752 2118 834 2201 πρός
857 2139 886 2199 p.
908 2114 1040 2199 74,15]
1065 2115 1121 2178 διὰ

110 2223 147 2286 τὸ
179 2219 233 2305 νβ’
261 2232 320 2288 τοῦ
351 2222 384 2305 γ’
412 2235 480 2287 τῶν
507 2227 699 2307 Στοιχείων.
752 2220 805 2287 ἐπὶ
837 2232 894 2306 της
927 2222 1028 2305 αὐτῆς
1056 2223 1119 2307 γὰρ

58 2345 92 2393 20
111 2328 244 2404 εὐθείας
267 2328 328 2392 δύο
349 2328 445 2412 ὅμοια
463 2331 612 2413 τμήματα
630 2331 762 2393 κύκλων
782 2328 821 2394 οὐ
841 2331 1120 2411 συσταθήσονται,

111 2435 207 2518 ὅμοια
235 2430 272 2498 δῖ
299 2435 449 2517 τμήματα
475 2435 607 2499 κύκλων
634 2435 716 2498 κατὰ
743 2435 802 2499 τὸν
825 2433 905 2519 ὅρον
932 2442 992 2497 τοῦ
1016 2433 1120 2498 αὐτοῦ

109 2544 242 2625 βιβλίου
265 2541 305 2604 τὰ
324 2540 483 2624 δεχόμενα
501 2544 624 2623 γωνίας
643 2546 724 2616 ἴσας.
762 2542 812 2605 ὅτι
832 2537 868 2605 δὲ
886 2539 906 2622 ἡ
925 2541 1009 2625 πρὸς
1026 2549 1071 2627 τῷ
1093 2539 1123 2612 Ξ

110 2650 228 2731 μείζων
251 2656 308 2731 τής
326 2647 409 2732 πρὸς
427 2657 472 2735 τῷ
494 2652 522 2711 Ο
544 2644 600 2711 καὶ
617 2647 718 2712 πάλιν
737 2647 819 2731 αὕτη
838 2657 896 2730 τῆς
913 2649 996 2732 πρὸς
1014 2657 1059 2734 τῷ
1076 2651 1121 2729 Π,

111 2755 319 2838 δειχθήσεται
343 2754 399 2818 διὰ
421 2763 479 2836 τῆς
499 2751 629 2830 δείξεως
647 2762 706 2817 τοῦ
725 2752 778 2836 ιβ’
798 2763 858 2818 τοῦ
881 2752 914 2835 γ’
934 2764 1001 2817 τῶν
1021 2757 1120 2816 Στοι-

58 2877 92 2928 25
112 2863 220 2944 χείων.

179 2985 230 3050 68.
263 2988 414 3068 Μεγίστη
442 2980 479 3048 δὲ
506 2983 526 3065 ἡ
551 2982 581 3056 Ξ
606 3007 634 3068 p.
662 2986 712 3067 76,
736 2984 770 3067 6]
799 2985 855 3048 διὰ
882 2984 919 3048 τὸ
948 2987 1058 3066 λήμμα
1084 2983 1121 3046 τὸ

112 3118 324 3126 ——q

184 3201 224 3250 66.
244 3196 290 3251 V².
364 3200 404 3249 67.
424 3195 471 3248 V2.
545 3200 586 3249 68.
606 3192 654 3249 Vb.

184 3417 207 3465 3.
228 3407 288 3481 διαί]
307 3408 359 3462 bis.
436 3407 466 3479 ἡ]
487 3424 539 3462 om.
621 3415 645 3463 4.
668 3408 763 3478 ΓΕΔ]
785 3410 873 3460 ΓΖΔ.
961 3410 983 3458 7.
1005 3403 1121 3473 malm]

109 3497 161 3534 om,
238 3486 279 3535 13,
302 3480 366 3552 ΖΘ]
389 3483 447 3534 ΖΔ.
520 3480 565 3552 τῇ]
585 3495 600 3532 e
619 3495 686 3533 corr.
761 3483 802 3532 16.
823 3476 867 3548 ἴση
883 3477 956 3548 (pr.)]
975 3474 1027 3529 bis.
