2334 3788
313 124 468 176 εοΗοιιΑ
486 126 525 176 m
543 124 712 176 Encmms
732 124 870 177 0PT1cA.
1034 122 1097 186 129

85 270 117 332 εί
138 267 201 354 γάη
224 265 244 350 ἡ
267 267 332 332 ὑπὸ
355 271 456 332 ΗΓΛ
482 270 586 351 γωνία
609 266 711 353 ὀρθή,
737 265 792 331 καλ
819 266 839 350 ἡ
867 267 932 332 ὑπὸ
956 267 1096 352 Β[ΓΗ]

85 373 175 459 ὀρθὴ
199 376 298 439 ἐσται.

153 498 205 561 20.
237 500 373 563 Κείσθω
402 499 484 583 πρὸς
510 507 556 586 τῷ
584 504 618 562 A
650 501 755 580 γωνία
783 497 870 584 ὀρθὴ
900 497 934 582 [ἡ
957 498 1095 582 ME]-

86 603 261 690 διάμετρος
284 606 348 688 ἄρα
371 604 391 688 ἡ
411 608 485 668 ΑΕ.
523 605 606 669 ὥστε
628 603 648 687 ἡ
672 605 737 669 ὑπὸ
760 608 858 669 ΕΓΔ
880 606 985 685 γωνία
1008 603 1096 683 ὀξεῖα

84 707 140 774 καὶ
168 708 189 792 η
217 710 299 774 κατὰ
326 712 479 796 κορυφὴν
504 711 603 795 αὐτῇ,
633 710 653 793 ἡ
682 707 718 776 δὲ
744 711 809 775 ὑπὸ
834 714 934 775 ΒΓΕ
958 710 1096 796 ἀμβλεῖα
1132 722 1149 771 5

85 814 141 881 καλ
165 815 185 899 ἡ
209 818 291 881 κατὰ
313 819 467 902 κορυφὴν
491 818 573 903 αὐτῇ
596 818 616 901 ἡ
638 817 704 882 ὑπὸ
723 821 762 881 Η
764 821 833 882 ΓΛ.
875 818 958 882 ὥστε
976 817 996 902 ἡ
1014 819 1098 904 πρὸς

85 924 193 1007 ὀρθάς
221 922 364 1008 ἀγομένη
392 934 431 1009 τῇ
456 927 517 987 ΓΔ
543 924 563 1007 ἡ
587 927 657 988 ΚΓ
679 925 805 1007 δηλαδὴ
828 923 921 1001 ἐντὸς
942 936 1097 990 πεσεῖται.

84 1031 188 1096 τάλιν
211 1028 280 1094 ἐπεὶ
307 1029 327 1112 ἡ
351 1030 416 1094 ὑπὸ
440 1033 539 1094 ΒΓΕ
565 1030 717 1115 ἀμβλεῖα,
749 1028 837 1108 ὀξεῖα
864 1030 884 1114 η
912 1030 977 1096 ὑπὸ
1001 1036 1099 1097 ΓΒΕ

84 1134 140 1201 καὶ
163 1135 183 1219 η
208 1139 290 1201 κατά
312 1138 466 1222 κορυφὴν
489 1137 571 1222 αὐτῇ
594 1135 615 1219 η
638 1137 703 1202 ὑττὸ
724 1141 828 1202 ΖΒΑ.
870 1139 952 1202 ὥστε
974 1136 1096 1224 ηπρὸς

84 1243 193 1328 ὀρθὰς
216 1242 359 1327 ἀγομένη
384 1253 423 1329 τῇ
442 1248 507 1307 AB
531 1243 623 1321 ἐκτὸς
640 1257 785 1310 πεσεῖται
804 1244 824 1327 ἡ
846 1249 907 1308 ΘΒ
931 1246 1095 1327 δηλονότι.
1114 1253 1151 1302 10

85 1348 362 1432 ἐκβεβλήσθωσαν
389 1348 409 1432 η
441 1354 502 1414 ΘΒ
530 1348 585 1415 καλ
612 1354 683 1415 ΚΓ
706 1348 758 1416 έττλ
785 1352 846 1434 τὴν
871 1348 1095 1436 περιφέρειαν,

83 1453 139 1519 καὶ
163 1455 227 1520 ἀπὸ
251 1464 310 1519 τού
328 1455 468 1541 κέντρου
491 1465 551 1521 τοῦ
569 1458 693 1522 κύκλου
712 1458 871 1540 ἤχθωσαν
888 1458 971 1543 πρὸς
990 1456 1096 1542 ὀρθὰς

85 1560 138 1626 ἐτιλ
175 1563 236 1645 τὴν
270 1567 333 1626 ΘΒ
370 1560 425 1627 καὶ
458 1566 531 1628 ΚΓ
563 1561 801 1647 ἐμβεβλημένας
837 1563 858 1647 ἡ
891 1567 980 1646 AM,
1009 1566 1094 1628 AN·

84 1665 263 1751 τέμνουσιν
286 1671 349 1752 ἀρα
372 1670 493 1745 ταύτας
517 1669 592 1752 δίχα
614 1670 696 1733 κατά
715 1671 755 1733 τά
773 1673 822 1752 M,
840 1674 880 1734 Ν
899 1680 1015 1754 σημεῖα
1039 1671 1095 1734 ὃιά

84 1775 121 1838 τὸ
147 1772 180 1857 γ’
204 1783 264 1839 τοῦ
287 1774 320 1856 γ’
344 1787 411 1840 τῶν
434 1778 625 1858 Στοιχείων.
668 1773 850 1858 ἐπεζεύχθω
875 1775 894 1859 ἡ
918 1779 949 1838 A
957 1779 998 1858 Θ,
1018 1779 1094 1841 ΛΚ.
1116 1786 1150 1836 15

83 1879 140 1944 καλ
164 1879 233 1946 ἐπεὶ
257 1887 325 1946 λ’σαι
349 1880 433 1947 είσλν
457 1877 567 1946 αὗται·
591 1879 626 1945 έα
648 1879 788 1966 κέντρον
812 1881 874 1966 γάρ
894 1890 953 1945 τοῦ
973 1885 1004 1946 A
1010 1902 1016 1916 ·
1040 1880 1095 1946 καλ

82 1987 319 2052 ὑποτείνουσιν
346 1988 452 2073 ὀρθὰς
479 1990 601 2070 γωνίας
628 1989 686 2063 τάς
712 1988 795 2072 πρὸς
824 1995 869 2074 τῷ
897 1991 941 2051 Μ
967 1986 1023 2052 καὶ
1050 1992 1094 2072 Ν,

83 2094 121 2157 τὸ
149 2094 213 2179 ἀρα
240 2094 305 2159 ἀπὸ
333 2103 390 2178 τῆς
413 2098 480 2157 ΛΘ
508 2100 581 2159 ίσον
604 2097 695 2159 ἔσται
723 2105 792 2170 τοῖς
815 2092 878 2157 ἀπὸ
904 2098 990 2177 ΘΜ,
1008 2099 1094 2178 ΜΛ,

84 2199 241 2275 ὡσαύτως
264 2199 301 2264 δὲ
323 2197 378 2265 καὶ
400 2201 438 2265 τὸ
462 2200 525 2265 ἀτιὸ
549 2203 617 2265 ΚΛ
640 2205 714 2264 ἴσον
737 2211 806 2275 τοῖς
830 2198 893 2264 ἀπὸ
916 2203 999 2283 ΚΝ,
1017 2205 1093 2266 NA.

83 2305 167 2370 ἀλλά
186 2305 206 2388 ἡ
228 2309 306 2369 ΘΜ
322 2313 362 2390 τῇ
381 2308 457 2370 ΚΝ
475 2311 542 2388 ῖση·
567 2307 649 2370 ὥστε
667 2304 722 2370 καὶ
740 2304 760 2388 η
779 2309 855 2370 ΜΛ
877 2317 916 2392 τῇ
935 2311 1010 2371 AN
1029 2312 1092 2390 ἴση.
1112 2317 1147 2368 20

84 2417 153 2475 ίσαι
177 2413 240 2497 ἀρα
265 2410 285 2493 ἡ
312 2411 422 2495 ΘΒΞ,
445 2414 557 2477 ΚΓΠ.
595 2411 637 2477 ἀν
660 2413 701 2496 δὴ
725 2415 841 2477 τοίνυν
865 2418 937 2489 ίσας
959 2413 1094 2488 ταύταις

84 2514 199 2603 ἑτέρας
222 2519 283 2582 δύο
308 2518 441 2594 εὐθείας
463 2517 649 2603 ἀγάγωμεν·
681 2520 825 2583 δυνατὸν
848 2518 925 2604 γάρ’
949 2518 1010 2602 την
1028 2523 1093 2583 AA

83 2625 186 2707 τυχὸν
203 2622 259 2688 καὶ
278 2628 344 2688 ΡΣ
358 2626 541 2708 τεμνούσας
557 2626 641 2710 πρὸς
659 2623 765 2710 ὀρθάς
782 2626 843 2708 τὴν
864 2629 969 2707 ΘΒΖ,
989 2627 1024 2688 Κ
1026 2627 1097 2689 ΓΠ

82 2730 165 2794 κατά
188 2754 223 2794 τε
245 2731 286 2794 τά
308 2735 348 2813 Β,
368 2734 400 2795 Γ
421 2729 477 2795 καὶ
504 2734 540 2814 Τ,
562 2737 591 2794 Y
614 2742 745 2814 σημεῖα,
773 2728 827 2794 καὶ
851 2736 933 2796 ῖσων
956 2729 1092 2816 ἀφαιρε-

82 2842 209 2901 θεισῶν
238 2847 305 2901 τῶν
329 2840 405 2920 ΓΒ,
424 2837 536 2921 B[T]
569 2843 638 2902 ίσαι
666 2837 729 2922 γάρ
757 2837 813 2900 ὃιά
840 2838 902 2920 τὴν
925 2842 1000 2920 ίσην
1026 2835 1090 2902 ἀπὸ
1109 2846 1146 2898 25

155 3015 197 3064 20.
217 3010 264 3065 V2.

156 3194 178 3242 1.
200 3189 300 3260 ΒΓΗ]
322 3192 382 3241 ΓΗ
396 3187 453 3257 legi
472 3204 529 3241 non
545 3191 671 3257 possunt.
733 3194 757 3244 3,
776 3187 893 3259 κείσθω]
912 3186 975 3241 fort.
990 3195 1088 3242 κεῖται.

119 3259 135 3327 ἡ
155 3259 255 3331 ΑΔΕ]
280 3275 360 3314 euan.
457 3264 497 3314 13.
523 3261 591 3330 ΘΒ]
615 3277 683 3314 corr.
703 3276 736 3313 ex
757 3262 814 3314 ΘΔ.
893 3257 924 3349 ἡ]
944 3256 1031 3312 immo
1050 3257 1089 3327 αἱ,

84 3329 133 3383 sed
148 3329 195 3384 cfr.
207 3330 254 3385 lin.
267 3335 308 3400 15,
319 3336 361 3398 21,
372 3335 414 3384 23.
469 3336 511 3385 22.
530 3329 598 3384 Post
617 3329 731 3392 εύθείας
750 3329 803 3385 del.
815 3345 969 3398 τεμνούσας
986 3329 1091 3393 ταύτας

83 3401 153 3468 πρὸς
171 3400 269 3469 ὀρθάς.
326 3406 368 3456 25.
392 3403 429 3473 T]
449 3401 506 3470 legi
525 3418 581 3455 non
594 3404 701 3471 potest3
720 3401 795 3454 idem
810 3401 844 3454 de
859 3399 988 3455 omnibus
1002 3399 1090 3471 ualet,

83 3488 157 3538 quae
177 3473 208 3543 [λ
228 3471 337 3526 inclusi.

135 3570 284 3625 ωιειιιιι,
299 3571 350 3614 edd.
365 3573 470 3627 Heiberg
485 3575 613 3627 αωοιιςε.
632 3574 692 3618 m.
937 3563 959 3610 θ
