2334 3788
96 105 159 170 176
304 108 514 160 ΟΡΗΟΟΒΗΜ
532 108 710 162 REOENSIO
729 111 898 162 THEONIS.

94 251 218 316 οὐκοῦν
250 252 326 316 σκιὰ
358 254 448 317 ἔσται
475 251 496 334 ἡ
525 255 594 317 ΓΔ.
646 254 766 337 ἔλαβον
799 255 840 337 δή
873 278 905 320 τι
936 257 1111 342 γνώριμον

94 357 235 444 μέγεθος
266 360 303 424 τὸ
336 362 402 424 ΚΖ
433 357 489 424 καὶ
522 357 688 445 ἕνηρμοσα
718 360 784 426 ὕπὸ
822 363 883 445 την
914 367 948 427 Δ
983 367 1113 446 γωνίαν

93 466 307 552 παράλληλον
356 477 395 552 τῇ
441 471 470 530 Β
482 469 517 536 Γ.
589 466 714 532 οὐκοῦν
776 530 811 581 B

93 571 198 656 ἐστιν,
231 573 276 650 ὡς
305 573 343 638 τὸ
371 576 444 638 ΔΓ
466 573 550 658 πρὸς
576 574 614 638 τὸ
644 576 715 656 ΓΒ,

58 678 199 755 5οὕτως
221 680 258 744 τὸ
283 685 351 746 ΔΖ
372 681 457 766 πρὸς
479 681 516 745 τὸ
544 683 616 745 ΖΚ.
660 677 716 744 καὶ
901 714 940 770 K

94 788 262 871 γνώριμος
280 787 297 853 6
317 791 415 870 λόγος
433 788 451 853 6
470 796 527 871 τῆς
546 792 580 852 Δ
587 792 614 853 Ζ
634 788 718 872 πρὸς

96 897 175 958 ΖΚ·
217 895 384 979 γνώριμος
417 895 482 979 ἄρα
513 891 569 958 καί
606 893 623 959 6
658 902 716 977 της
773 958 809 1006 Γ
885 873 1102 1032 ΑΣΔ

94 1005 166 1066 ΛΓ
187 1003 270 1088 πρὸς
296 1005 365 1066 ΓΒ.
415 1004 474 1067 καί
500 999 568 1065 ἐστι
595 1002 715 1086 γνώρι-
769 1021 882 1031 *-

94 1131 155 1192 μος
184 1109 204 1193 η
232 1112 309 1173 ΔΓ
338 1109 427 1173 σκιά·
462 1109 632 1195 γνώριμον
664 1111 729 1195 ἄρα
762 1107 818 1174 καὶ
850 1111 886 1174 τὸ
919 1113 985 1174 ΓΒ
1015 1109 1110 1186 ὕψος.

43 1359 76 1409 10
573 1340 634 1405 ω’.

161 1468 221 1550 Μη
254 1467 351 1542 ὄντος
379 1464 476 1548 ἡλίου
508 1467 545 1531 τὸ
576 1462 680 1530 δοθὲν
708 1465 793 1542 ὕψος
820 1475 960 1549 γνῶναι,
992 1465 1110 1549 ἡλίκον

96 1571 193 1636 ἐστίν.

161 1680 243 1743 ἔστω
270 1679 349 1762 γάρ,
377 1678 395 1744 ὃ
423 1680 477 1744 δεῖ
502 1678 682 1762 ἐπιγνῶναι
709 1679 812 1762 ὕψος,
839 1681 980 1762 πηλίκον
1008 1677 1108 1761 ἐστίν,

94 1786 131 1849 τὸ
159 1789 233 1869 ΒΓ,
254 1783 311 1850 καὶ
332 1787 458 1851 κείσθω
481 1784 667 1870 κάτοπτρον
691 1787 728 1850 τὸ
751 1788 831 1868 ΚΑ,
855 1786 942 1868 ὄμμα
965 1782 1002 1848 δὲ
1025 1786 1106 1849 ἔστω

43 1908 76 1956 15
94 1887 131 1956 τὸ
155 1898 203 1976 Δ,
234 1891 290 1957 καὶ
318 1890 374 1957 ἀπ’
400 1892 503 1957 αὐτοῦ
531 1890 759 1979 προσπιπτέτω
789 1889 881 1967 ἀκτὶς
907 1890 927 1973 ἡ
956 1895 1025 1955 ΛΘ
1051 1889 1107 1956 καὶ

93 1997 329 2064 ἀνακεκλώσθω
350 2000 395 2076 ὡς
413 1999 433 2082 ἡ
450 2003 513 2064 ΘΒ
537 1998 590 2065 ἐπὶ
608 2001 646 2065 τὸ
660 2003 689 2063 Β
707 1998 818 2085 πέρας,
842 1996 898 2062 καί
916 1998 980 2063 ἀπὸ
999 2006 1059 2062 τοῦ
1073 2004 1107 2062 Δ

92 2107 236 2189 ὄμματος
262 2106 402 2182 κάθετος
429 2106 449 2190 ἡ
473 2111 506 2170 Λ
513 2110 549 2171 Ζ.
600 2106 724 2172 οὐκοῦν
754 2111 822 2170 ίσαι
853 2103 939 2169 εἰσίν
967 2106 1004 2168 αἱ
1024 2106 1107 2190 πρὸς

91 2221 136 2298 τῷ
163 2217 191 2275 Θ
218 2215 337 2296 γωνίαι
365 2211 534 2295 ἀλλήλαις·
567 2222 666 2278 τοῦτο
695 2213 758 2298 γὰρ
783 2213 951 2277 δείκνυται
976 2210 1012 2276 ἐν
1036 2224 1106 2288 τοῖς

91 2320 339 2404 Κατοπτρικοῐς.
381 2319 464 2383 ἀλλὰ
487 2317 543 2384 καί
565 2320 586 2403 ἡ
608 2321 692 2405 πρὸς
714 2329 759 2408 τῷ
780 2322 813 2384 Γ
836 2330 875 2405 τῇ
898 2320 981 2404 πρὸς
1004 2328 1049 2406 τῷ
1075 2323 1103 2382 Ζ

38 2439 72 2488 20
92 2428 146 2506 ίση
165 2423 268 2489 ἐστίν·
292 2425 379 2509 ὀρῦη
403 2425 466 2511 γόρ
491 2425 581 2490 ἐστιν
600 2423 734 2511 ἑκατέρα
757 2426 878 2491 αὐτῶν.
915 2427 1013 2510 λοιπὴ
1037 2427 1101 2510 ἄρα

89 2528 110 2612 ἡ
133 2531 216 2616 πρὸς
238 2541 284 2619 τῷ
307 2536 336 2595 Β
363 2537 463 2617 λοιπῇ
490 2541 529 2617 τῇ
556 2533 639 2617 πρὸς
668 2542 713 2620 τῷ
736 2538 769 2597 Λ
799 2538 852 2615 ίση
879 2531 977 2597 ἐστίν.
1019 2532 1103 2596 ώστε

90 2635 207 2720 ὅμοιον
229 2635 271 2701 ὕν
294 2643 344 2719 είη
367 2639 404 2702 τὸ
428 2641 527 2702 ΒΓΘ
553 2640 718 2723 τρίγωνον
741 2648 786 2726 τῷ
810 2643 914 2703 ΛΖΘ
940 2639 1101 2726 τριγώνῳ.

90 2744 180 2807 ἔστιν
196 2745 271 2829 ἄρα,
289 2742 372 2825 ώςη
394 2747 460 2808 ΘΓ
478 2746 561 2831 πρὸς
580 2747 651 2828 ΓΒ,
675 2744 819 2827 οὕτωςὴ
841 2749 903 2810 ΘΖ
925 2746 1008 2831 πρὸς
1028 2749 1099 2809 ΖΛ.

89 2860 147 2934 της
169 2848 206 2915 δὲ
227 2855 289 2916 ΘΖ
311 2852 394 2936 πρὸς
413 2856 479 2915 ΖΛ
501 2854 599 2934 λόγος
620 2853 736 2928 ὃοθείς
760 2851 862 2916 ἐστιν·
886 2849 1016 2935 καὶτῆς
1037 2854 1107 2915 ΘΓ

36 2971 70 3020 25
89 2957 153 3042 ὕρα
175 2959 258 3043 πρὸς
281 2961 342 3022 ΓΒ
371 2959 536 3044 γνώριμος
563 2958 581 3024 6
605 2961 703 3041 λόγος
729 2957 828 3023 ἐστίν.
874 2960 1040 3044 γνώριμος
1064 2955 1101 3023 δὲ

87 3061 107 3144 ἡ
134 3066 212 3127 ΘΓ·
236 3066 405 3150 γνώριμον
428 3067 492 3151 ὕρα
515 3063 569 3130 καὶ
592 3066 629 3129 τὸ
655 3068 717 3130 ΓΒ
740 3066 833 3143 ὕψος.

160 3262 182 3311 2.
204 3256 370 3326 ἐνήρμοσται
388 3275 413 3311 v.
487 3257 560 3310 Ante
580 3262 605 3310 Δ
628 3257 692 3311 add.
712 3258 782 3326 πρὸς
800 3262 837 3330 τῷ
856 3275 892 3311 m.
912 3274 965 3312 rec.
986 3258 1018 3312 V.
1075 3265 1099 3312 4.

89 3327 150 3398 ΓΒ]
170 3332 266 3398 BPp.
322 3334 346 3384 8,
367 3327 510 3382 ἐστινῦν.
567 3333 590 3382 9.
609 3327 685 3383 σκιώ-
706 3329 857 3400 γνώριμον]
874 3327 904 3382 in
918 3346 972 3383 ras.
988 3330 1102 3385 m.1V.

122 3398 190 3452 Post
214 3397 288 3470 ὕψος
315 3399 379 3454 add.
403 3399 435 3453 τὸ
459 3397 515 3467 ἄρα
538 3396 628 3455 δοθὲν
656 3399 730 3471 ὕψος
754 3401 888 3471 ἔγνωσται
911 3399 1001 3455 πόσον
1025 3399 1100 3456 ἐστίν

81 3486 118 3521 m,
137 3485 193 3523 ree.
215 3471 247 3526 V.
328 3476 368 3525 13.
388 3467 444 3524 ἐστι’
462 3489 488 3540 p.
568 3477 608 3526 15.
629 3471 718 3542 Supra
737 3475 794 3528 ΔΘ
813 3471 876 3526 add.
897 3477 934 3544 τῷ
953 3470 1100 3546 κατόπτρῳ
