2334 3788
109 115 172 179 132
335 117 491 169 scflom
508 117 547 168 m
565 117 735 168 Eucmms
755 117 893 169 ουσιαι.

175 261 227 324 37.
259 260 329 324 Διὰ
351 261 388 325 τὸ
412 262 619 343 συμβαίνειν,
643 259 722 345 ὅπερ
742 262 868 342 γίνεται
886 260 1020 334 εὐθείας
1037 259 1120 323 ὐπο-

106 364 258 449 κειμένης
286 376 343 450 της
366 375 431 431 νῦν
454 367 555 449 ούσης
577 369 801 452 περιφερείας,
829 370 992 450 νομίζεται
1019 363 1075 430 καὶ
1100 366 1120 448 ἡ

106 471 299 558 περιφέρεια
327 473 456 539 εὐθεῖα·
490 475 557 538 ἔστι
590 469 627 537 δὲ
656 482 755 537 τοῦτο
788 474 824 538 τὸ
853 476 1034 557 φαίνεσθαι
1062 472 1121 547 τὰς

107 578 171 643 ὐπὸ
190 588 250 643 τοῦ
269 577 409 664 κέντρου
426 576 482 642 καὶ
500 587 605 643 ταῦτα
624 584 696 655 ίσας
715 579 817 655 οὔσας
835 580 897 662 τὴν
913 562 1006 654 λέκτὸς
1022 581 1119 663 μείζω

70 700 87 750 5
105 696 163 769 τῆς
177 685 284 770 ἐντός,
303 677 376 750 οἷον
389 687 450 770 τὴν
464 689 530 749 ΚΒ
549 695 607 768 τῆς

106 795 195 876 ΚΔ,
237 792 255 857 ὃ
296 795 442 876 γίνεται,
483 794 514 856 εί
553 791 604 856 ἐπ’

106 898 240 975 εὐθείας
253 902 394 964 κείσεται
409 899 429 982 ἡ
446 902 519 962 ΒΓ.
553 897 606 964 ἐπὶ

105 1006 168 1091 γὰρ
190 1005 324 1082 εὐθείας
346 1009 521 1089 συμβαίνει
544 1007 605 1089 την

106 1109 296 1195 ἐκκειμένην
333 1103 406 1177 οἷον
442 1113 504 1195 την
540 1115 605 1176 ΚΒ

53 1234 87 1282 10
105 1220 237 1301 μείζονα
264 1227 322 1301 τῆς
344 1221 414 1282 ΚΔ
436 1213 531 1282 εἶναι.
577 1220 608 1282 εί

105 1323 169 1409 γὰρ
188 1326 295 1401 ίίλλως
314 1322 400 1408 λέγει
418 1349 468 1401 τις
485 1325 607 1400 ταύτας

107 1436 180 1505 ίσας
203 1425 298 1514 εἶναι,
322 1435 496 1515 συμβαίνει
520 1433 644 1496 ίίτοπόν
662 1452 707 1496 τι·
732 1432 943 1517 ὀρθογωνίου
967 1435 1030 1519 γὰρ
1054 1457 1120 1498 κει-

106 1533 208 1620 μένου
226 1546 286 1601 τοῦ
306 1541 407 1602 ΚΕΒ
429 1538 595 1623 τριγώνου
618 1539 655 1603 τὸ
675 1537 738 1603 ἀπὸ
758 1548 815 1622 τῆς
832 1539 959 1623 βοίσεως
978 1549 1035 1623 τῆς
1053 1543 1120 1604 ΚΒ

107 1649 182 1708 ίσον
196 1645 285 1708 ἔσται
304 1655 374 1720 τοῖς
392 1643 456 1709 ἀπὸ
471 1655 539 1708 τῶν
552 1649 706 1730 πλευρῶν
723 1657 790 1710 τῶν
805 1649 880 1729 ΚΕ,
896 1650 968 1709 ΕΒ.
999 1646 1120 1729 ὁμοίως

55 1764 89 1814 15
107 1747 162 1813 καὶ
177 1751 213 1814 τὸ
229 1748 292 1814 ἀπὸ
307 1752 439 1833 τηςΚΛ
453 1760 523 1826 τοῖς
537 1749 600 1816 ὐπὸ
615 1763 683 1816 τῶν
692 1755 848 1836 ΚΕ,ΕΛ.
870 1764 940 1829 πῶς
954 1749 1016 1818 οὐν
1030 1756 1120 1818 ἔσται

108 1862 162 1940 ίση
181 1855 286 1938 ἡΚΔ
304 1867 343 1942 τῇ
357 1859 425 1920 ΚΒ
444 1867 512 1921 τῶν
530 1856 593 1921 ἀπὸ
614 1857 685 1941 [τῆς
699 1858 783 1942 ΚΒ]
804 1859 840 1924 έν
859 1864 943 1934 ίσοις
962 1865 1044 1923 ίσων
1063 1856 1119 1922 ὅν-

107 1985 189 2041 των;
208 1968 361 2047 φαίνεται
376 1959 438 2028 οὐν
452 1961 472 2046 η
487 1961 680 2050 περιφέρεια
694 1964 810 2030 εὐθεῖα
824 1965 926 2029 διὰτὸ
937 1968 1119 2048 φαίνεσθαι

108 2072 294 2152 συμβαῖνον
318 2067 370 2133 ἐπὶ
392 2078 451 2152 τῆς
473 2072 693 2155 περιφερείας,
716 2068 808 2134 ὃκαὶ
829 2069 882 2135 ἐπὶ
900 2080 958 2154 της
976 2071 1118 2147 εὐθείας.

653 961 691 1020 Κ

1075 1276 1120 1330 Η

174 2193 226 2256 38.
252 2188 291 2256 Ὅ
315 2190 457 2257 ὄπισθεν
482 2195 571 2275 ἔλεγε
595 2195 740 2258 δυνατὸν
763 2196 960 2260 δείκνυσθαι
987 2193 1043 2259 καὶ
1066 2196 1119 2261 ἐπὶ

54 2312 89 2360 20
108 2307 165 2381 τῆς
187 2302 300 2381 κοίλης
323 2303 548 2384 περιφερείας,
571 2309 670 2363 τοῦτο
693 2309 758 2365 νῦν
781 2303 938 2366 δεικνύει·
965 2293 1037 2365 οἷον
1061 2302 1119 2366 ἐὰν

108 2402 161 2468 έπὶ
184 2412 243 2468 τοῦ
266 2403 405 2486 κέντρου
430 2413 487 2487 τῆς
509 2410 719 2491 περιφερείας
741 2414 823 2493 τεθῇ
846 2409 883 2471 τὸ
902 2406 1000 2491 ὄμμα,
1024 2410 1061 2472 αἱ
1082 2405 1119 2472 δέ

108 2509 143 2574 ἐκ
165 2519 225 2574 τοῦ
248 2509 386 2595 κέντρου
410 2511 621 2575 ὑποτεθῶσιν
644 2512 689 2588 ὡς
712 2511 855 2596 ἀκτῖνες,
880 2512 1035 2597 μέγιστον
1058 2510 1119 2599 μὲν

108 2617 290 2699 φανήσεται
305 2616 324 2699 ἡ
338 2621 404 2680 ΑΒ
419 2616 545 2700 εὐθεῖα,
561 2617 610 2702 [ἣ]
625 2619 662 2681 τὸ
675 2621 838 2704 πρότερον
853 2617 943 2694 ἀκτὶς
956 2619 1119 2703 ὑπέκειτο,

108 2720 158 2786 ἀεὶ
177 2718 214 2787 δὲ
232 2721 252 2806 η
272 2726 384 2806 ἔγγιον
401 2733 459 2807 τῆς
477 2730 509 2788 Α
515 2728 543 2788 Β
561 2733 619 2808 τῆς
638 2724 808 2811 ἀπώτερον
825 2729 944 2810 μείζων
962 2735 1020 2809 τῆς
1039 2747 1117 2811 προ-

54 2841 88 2892 25
107 2826 203 2914 τέρας
225 2831 462 2916 προχωρούσης
485 2829 622 2908 δειξεως.

174 2955 225 3019 39.
258 2953 414 3019 Καθέτου
443 2953 493 3020 ἐπ’
520 2957 624 3040 αὐτην
646 2957 748 3039 οὐσης
769 2980 799 3040 p.
817 2958 870 3041 34,
893 2958 948 3038 23]
972 2966 1031 3040 της
1054 2961 1122 3021 ΒΓ

106 3063 317 3146 περιφερείας
339 3062 383 3138 ὡς
406 3062 539 3139 εὐθείας
561 3060 752 3147 νοουμένης.

110 3208 123 3239 ο
174 3186 226 3249 40.
257 3183 462 3270 Ἐγχοίλασμα
484 3211 513 3270 p.
534 3187 586 3271 34,
606 3189 661 3268 28]
685 3188 747 3270 τύγ
769 3191 924 3271 κοίλωμα.

179 3331 221 3380 37.
240 3322 289 3379 Vb
362 3330 404 3381 38.
423 3325 469 3380 Ψ.
542 3330 583 3379 39.
604 3325 650 3379 V¹.
723 3331 764 3381 40.
784 3325 831 3379 Vb.

180 3470 201 3519 7,
222 3463 285 3536 ἐπί]
306 3464 372 3520 ἐπεί.
462 3471 505 3521 28.
524 3466 591 3538 σύγ’]
611 3467 637 3521 h.
654 3484 677 3522 e.
696 3468 797 3538 τυχὸνλ
