2334 3788
300 135 510 188 orncouuu
527 134 707 187 uronusro
725 133 892 186 raucius
1039 131 1103 219 193

571 314 622 378 30.

159 438 226 504 Ubi
254 460 353 504 conus
382 436 536 502 circulum
566 434 673 500 basim
699 435 822 500 habens
851 436 892 499 ab
920 458 985 501 uno
1009 436 1104 502 oculo

91 546 245 631 cernitur,
268 545 375 608 minus
398 541 581 608 hemiconio
605 545 762 606 cernetur.

161 653 205 718 sit
227 651 314 717 enim
338 649 485 734 circulus,
508 648 599 713 cuius
623 651 769 712 centrum
790 651 830 732 K,
852 648 941 713 basis
965 649 1047 732 coni,
1070 653 1105 713 et

93 783 114 824 a
133 764 161 824 Β
185 758 279 824 oculo
303 757 344 821 ad
366 760 514 822 centrum
537 756 673 820 ducatur
691 757 770 838 ΒΚ,
794 759 827 818 et
848 776 907 839 por
924 758 960 818 K
980 755 1019 819 ad
1038 758 1103 819 ΚΒ

571 861 846 946 perpendicularis
872 864 953 946 NA,
983 861 1104 926 circum

573 971 637 1031 ΚΒ
662 971 770 1032 autem
790 967 928 1032 circulus
947 967 1107 1032 describa-

573 1078 641 1159 tur,
673 1074 895 1157 ducanturque
926 1077 1003 1158 BZ,
1027 1077 1106 1160 ZK,

574 1184 649 1263 BA,
672 1182 749 1243 ΛΚ.
796 1179 908 1264 anguli
934 1178 1038 1264 igitur
1065 1180 1107 1245 ad

576 1291 614 1371 Z,
627 1292 660 1350 A
677 1285 778 1370 positi
796 1285 877 1350 recti
897 1291 986 1373 sunt,
1007 1309 1105 1371 quare

575 1396 647 1478 BA,
665 1396 728 1455 ΒΖ
751 1391 786 1455 in
804 1413 869 1456 uno
887 1397 1010 1477 puncto
1034 1415 1108 1458 con-

575 1498 722 1584 tingumt,
759 1502 792 1563 et
823 1498 905 1563 radii
938 1501 979 1564 ab
1013 1498 1105 1565 oculo

576 1604 760 1669 adcidentes
788 1627 847 1690 per
870 1609 946 1691 BA,
968 1610 1030 1670 ΒΖ
1059 1627 1108 1670 ca-

577 1711 663 1775 dent.
705 1716 855 1776 cernetur
876 1712 979 1797 igitur
1003 1717 1107 1797 ZPA,

577 1816 663 1899 quod
686 1816 793 1880 minus
812 1821 863 1881 est
881 1838 979 1900 quam
997 1822 1036 1883 N
1036 1820 1107 1881 PA.

576 1944 691 1986 uerum
701 1927 803 1987 NPA
817 1922 1037 1987 semicirculus
1048 1924 1107 1986 est.

576 2028 688 2111 itaque
709 2033 805 2093 ZPA
828 2028 1029 2094 semicirculo
1048 2026 1109 2091 mi-

577 2157 639 2200 nus
682 2138 739 2200 est.
812 2156 890 2222 ergo
932 2135 1031 2199 etiam
1072 2156 1110 2199 ea

99 2263 175 2325 pars
199 2239 286 2325 coni,
313 2262 394 2323 quae
418 2240 573 2328 cernitur,
597 2241 781 2307 hemiconio
804 2241 911 2306 minor
933 2245 996 2326 est,
1023 2241 1109 2306 idem

99 2347 188 2412 enim
210 2347 308 2411 etiam
332 2347 369 2410 de
393 2347 508 2412 ceteris
531 2349 660 2413 circulis
685 2348 865 2433 superficiei
888 2349 961 2412 coni
981 2349 1110 2412 demon-

99 2454 284 2518 strabimus

579 2614 630 2679 31.

137 2796 142 2806 .
169 2734 271 2801 Oculo
295 2741 403 2802 autom
424 2737 461 2801 in
485 2739 597 2802 eodem
619 2738 716 2821 plano
739 2737 904 2802 inlocum
926 2737 1113 2822 propiorem

99 2840 301 2925 transposito
337 2865 413 2926 pars
448 2865 467 2907 a
498 2842 597 2908 radiis
630 2843 862 2926 comprehensa
898 2843 1004 2908 minor
1039 2843 1112 2928 erit,

100 2947 267 3012 uidebitur
289 2952 397 3013 autem
420 2949 523 3013 maior
545 2972 620 3034 pars
644 2949 740 3014 cerni.

170 3053 214 3117 sit
237 3053 323 3117 enim
346 3055 494 3141 circulus,
517 3056 608 3120 cuius
633 3060 780 3122 centrum
799 3056 842 3120 sit
860 3059 901 3141 K,
921 3055 1010 3119 basis
1029 3053 1115 3140 coni,

103 3161 216 3225 oculus
241 3163 350 3224 autem
374 3159 417 3224 sit
439 3166 485 3246 A,
513 3165 546 3225 et
569 3162 610 3225 ab
633 3166 666 3226 A
690 3162 730 3227 ad
753 3164 788 3224 K
812 3160 1052 3244 ducaturAK,
1079 3163 1114 3225 ct

101 3268 144 3331 ad
167 3289 238 3331 eam
260 3266 537 3351 perpendicularis
559 3290 617 3352 per
639 3271 674 3331 K
694 3268 831 3332 ducatur
855 3268 967 3350 ΓΚΒ,
989 3264 1113 3331 circum

102 3377 180 3438 ΑΚ
209 3378 317 3438 autem
351 3373 491 3439 circulus
524 3374 739 3460 describatur,
781 3373 1002 3456 ducanturque
1034 3374 1117 3459 ΑΖ,

104 3483 183 3562 ΖΚ,
211 3486 290 3564 AA,
317 3483 394 3544 AK.
449 3479 516 3544 iam
543 3481 655 3545 oculus
680 3486 712 3545 A
739 3479 786 3543 ad
808 3483 842 3543 N
866 3478 1120 3567 transmarinum,

154 3594 304 3647 Euclides,
319 3593 370 3636 edd.
379 3595 487 3657 Helberg
497 3596 627 3651 etMenge.
644 3596 704 3639 m
950 3577 995 3624 *3
