2334 3788
440 106 610 159 6666666
629 107 767 160 orrici.
1069 103 1110 168 71

97 250 280 316 666666661
303 251 369 316 666
392 254 424 316 66
447 250 515 316 blau
538 251 626 335 [eum
644 250 710 316 bau
733 255 766 315 66
788 250 856 315 blau
879 250 990 336 anguli
1015 300 1110 315 .....

97 357 273 444 triangulis
297 357 486 441 6611666661,
508 362 586 423 6666
606 359 799 443 quadratum
816 357 857 424 ab
880 360 912 421 66
934 378 978 423 aa
999 357 1111 422 ualent

98 465 293 550 quadratum
314 464 367 528 ba.
409 463 559 528 simililer
582 465 737 548 quadrata
759 464 810 549 ab,
832 463 878 528 166
900 463 1010 528 ualent
1035 486 1110 547 qua-

96 562 228 635 dratum
256 571 300 634 bu
325 592 383 655 per
411 570 577 634 elementa.
628 575 661 634 66
687 591 754 634 666
775 568 877 655 igitur
904 573 937 634 66
965 569 1050 634 inter
1073 592 1109 634 se

97 682 176 742 6666
198 677 360 762 aequalia,
382 698 456 742 eum
478 676 609 741 ualeant
632 677 726 741 idem.
771 676 827 740 sad
851 677 1044 760 quadratum
1067 697 1111 741 aa
1146 689 1157 736 ε

97 784 203 849 166166
222 788 272 850 666
293 785 450 868 quadrato
468 783 523 867 166,
547 783 622 867 quia
640 804 683 849 66
701 782 814 867 maior,
837 782 920 846 61666
934 782 1109 866 probatum

97 895 156 956 666
190 913 268 977 ergo
293 892 486 974 quadratum
508 890 550 954 kb
574 894 623 954 666
646 889 749 953 maius
770 890 926 973 quadrato
945 889 992 955 ab.
1031 910 1108 974 ergo

95 997 139 1061 kb
162 998 267 1062 maior
289 996 352 1081 66].
387 997 494 1061 minor
517 1018 595 1082 ergo
619 995 659 1061 ba
682 1018 779 1080 quam
803 995 844 1059 bk
867 996 952 1060 linea
974 1000 1109 1079 propter

97 1104 247 1188 aequalia
274 1125 343 1167 6666
373 1124 453 1186 quae
482 1102 523 1165 ab
546 1102 599 1185 66,
621 1122 664 1167 aa
693 1106 726 1166 66
755 1101 795 1165 ab
819 1101 873 1184 bu,
895 1101 942 1165 166
973 1101 1003 1165 61
1027 1123 1108 1184 quae

96 1210 139 1275 ab
163 1210 207 1275 ba
230 1215 262 1275 66
286 1210 326 1274 ad
347 1209 496 1274 inuieem.
542 1208 646 1272 maior
665 1229 742 1293 ergo
766 1230 894 1271 rursum
917 1208 985 1271 bula
1011 1230 1108 1292 quam
1128 1219 1157 1268 10

95 1318 163 1383 baa
185 1317 323 1403 angulus
348 1316 515 1400 [quoniam
539 1337 615 1380 uero
639 1315 706 1396 buy
729 1314 841 1378 elbai
864 1314 973 1398 anguli
998 1314 1108 1378 ualent

97 1425 178 1488 duos
202 1428 318 1508 reatae,
341 1422 491 1486 similiter
513 1421 579 1487 666
607 1425 639 1485 66
663 1421 733 1485 bad
758 1420 870 1506 anguli
893 1420 1004 1504 ualent
1027 1422 1108 1486 duos

96 1534 212 1596 666666.
266 1530 369 1616 igitur
395 1529 506 1593 ualent
533 1529 619 1592 inler
647 1550 689 1592 se.
740 1550 813 1592 uum
840 1526 942 1612 igitur
965 1528 1032 1611 buy
1064 1527 1108 1593 616

95 1637 203 1701 minor
230 1636 309 1721 baa,
341 1640 373 1700 66
400 1636 462 1700 bal
494 1635 556 1700 6616
582 1635 686 1699 maior
713 1635 783 1699 bad
813 1638 846 1698 66
874 1633 920 1699 616
948 1634 1107 1719 11661116]ο

96 1743 241 1807 omnium
268 1764 346 1807 uero
370 1743 410 1807 ad
433 1742 478 1807 bu
503 1741 665 1807 fautorum
693 1741 885 1827 angulorum
913 1740 973 1805 sub
1002 1741 1157 1806 (16661616

94 1872 153 1934 per
175 1872 197 1914 6
224 1850 384 1914 maximus
412 1854 462 1914 666
488 1849 548 1913 bai
575 1850 691 1913 educta
714 1870 762 1930 96
789 1870 885 1932 super
907 1848 933 1931 i,
966 1851 998 1911 66
1031 1869 1108 1930 quo-

94 1955 183 2020 niam
211 1956 309 2020 etiam
342 1955 486 2020 omnium
514 1956 620 2019 minor
648 1959 697 2018 666
725 1954 800 2035 buy.
851 1953 1001 2038 aequales
1021 1974 1106 2017 uero

93 2061 178 2126 fiunt
202 2062 379 2146 aequaliter
402 2062 559 2142 distantes
584 2083 623 2125 ex
645 2064 783 2145 utraque
805 2064 897 2144 parte
920 2059 1024 2124 lineae
1049 2080 1107 2123 ma

95 2168 266 2234 minimum
278 2169 348 2252 aab
365 2169 522 2254 angulum
537 2167 741 2233 66661666616.
776 2166 880 2231 166666
900 2165 1105 2230 66161666666

95 2297 147 2340 em
170 2275 313 2360 aequalis
336 2297 408 2359 ma,
432 2280 464 2340 66
487 2275 726 2359 coniungantur
749 2294 813 2356 em,
832 2292 900 2357 mu,
918 2292 965 2354 69,
981 2293 1038 2358 qa,
1057 2272 1104 2356 be,
1123 2283 1157 2332 20

92 2382 153 2467 66,
175 2403 236 2469 aaa,
258 2404 308 2448 ae.
354 2382 506 2466 quoniam
529 2402 607 2467 ergo
636 2379 779 2464 aequalis
807 2383 856 2443 666
878 2399 938 2443 ma
966 2378 995 2442 ei
1024 2400 1105 2462 quaa

95 2493 152 2593 666
167 2511 227 2574 me,
251 2489 431 2555 communis
453 2509 531 2553 uero
554 2509 623 2572 669,
645 2492 678 2552 66
699 2486 849 2570 aequales
873 2485 1008 2571 angulos
1033 2505 1106 2548 con·

94 2595 213 2681 tinent,
246 2596 388 2680 aequalis
412 2617 490 2681 ergo
513 2616 553 2676 69
579 2598 668 2659 reeta
690 2598 796 2658 rectae
817 2613 873 2675 96.
925 2590 1104 2656 eommunis

94 2702 368 2785 perpendicularis
384 2703 436 2784 ub.
469 2701 613 2784 aequalis
634 2722 712 2786 ergo
732 2704 764 2764 66
782 2701 819 2764 eb
843 2700 873 2764 61
892 2721 973 2784 quae
988 2702 1037 2762 666
1051 2697 1104 2762 bu.

95 2807 151 2871 sed
179 2812 212 2872 66
239 2830 280 2874 66
307 2809 336 2873 61
365 2831 445 2893 quae
474 2813 524 2872 666
550 2828 606 2871 aa.
661 2807 840 2871 eommunis
869 2827 946 2891 ergo
974 2805 1026 2869 ab.
1071 2809 1104 2869 66
1123 2815 1157 2866 25

95 2915 234 3000 angulus
258 2936 334 3000 ergo
358 2916 420 2980 666
444 2915 563 3000 angulo
586 2913 657 2978 aab
681 2918 731 2977 666
754 2912 905 2997 aequalia

161 3109 244 3173 Esto
265 3109 403 3174 circulus
422 3109 522 3195 69666,
542 3109 631 3174 66166
651 3112 797 3174 centrum
816 3129 842 3194 a,
860 3108 895 3170 in
913 3127 977 3190 quo
996 3109 1103 3169 rectae

95 3215 266 3279 trahantur
287 3237 345 3300 per
369 3219 515 3281 centrum
538 3215 595 3301 ab,
615 3217 663 3298 qd
687 3237 721 3280 66
745 3215 784 3278 ad
807 3212 948 3278 inuicem
970 3233 1103 3295 perpen-

167 3398 189 3445 1.
210 3391 276 3445 Post
294 3388 392 3458 anguli
411 3391 461 3444 uu.
482 3392 614 3460 quaedum
632 3392 731 3447 dubiae
749 3391 786 3444 D.
876 3392 900 3441 4.
920 3386 988 3458 non]
1008 3392 1044 3442 nu
1063 3388 1102 3442 D.

130 3460 265 3516 1616661
283 3462 324 3533 66]
343 3462 384 3516 bis
402 3462 440 3528 D,
458 3463 505 3518 sed
522 3478 589 3518 corr.

1095 3626 1157 3737 ²<
