2334 3788
278 153 488 205 orrrconun
505 153 683 206 aucunsm
702 154 868 207 rnnoms.
1013 151 1077 216 229

545 335 598 398 42.

135 454 241 520 Locus
265 462 328 543 est,
355 458 439 522 unde
464 457 557 522 oculo
581 462 686 543 moto,
713 457 937 543 magnitudine
961 461 1079 542 autem,

70 583 151 645 quae
175 563 326 648 cernitur,
348 567 499 627 manente
521 563 601 628 haec
625 585 751 646 semper
770 562 913 646 aequalis
937 563 1079 647 adparet.

136 674 286 734 cernatur
316 671 402 734 enim
429 673 506 755 ΒΓ,
538 669 651 734 oculus
680 674 790 734 autem
823 670 866 734 sit
896 673 935 753 Z,
968 693 986 733 a
1015 691 1078 754 quo

68 775 151 839 radii
171 776 320 841 adcidant
341 781 413 862 ZB,
432 780 504 862 ΖΓ,
526 777 773 863 triangulusque
792 780 894 841 ΒΖΓ
910 782 1078 861 segmento

69 881 181 946 circuli
200 886 301 948 ΒΖΓ
318 885 618 968 comprehendatur,
636 888 669 948 et
689 882 800 948 oculus
822 887 849 946 Z
868 885 907 947 ad
925 889 959 947 A
977 889 1080 948 trans-

68 993 220 1073 ponatur,
238 990 382 1075 radiique
401 1013 512 1054 rursus
532 991 683 1055 adcidant
702 995 778 1072 ΔΒ,
792 993 869 1054 ΛΓ.
907 994 956 1054 est
978 990 1081 1076 igitur

69 1099 188 1170 LP=
203 1101 249 1181 Σ,
273 1117 349 1160 nam
370 1096 405 1158 in
424 1097 538 1161 eodem
557 1102 727 1182 segmento
747 1101 830 1160 sunt.
869 1118 950 1179 quae
970 1101 1079 1161 autem

70 1201 110 1263 ab
139 1202 267 1287 angulis
300 1203 489 1287 aequalibus
523 1208 712 1288 oemuntur‚
745 1202 893 1287 aequalia
925 1202 1080 1286 adparent

71 1306 147 1390 [def.
166 1307 211 1390 4].
250 1329 328 1394 ergo
348 1311 416 1372 ΒΓ
434 1330 560 1393 semper
584 1308 727 1392 aequalis
751 1309 893 1393 adparet,
916 1308 944 1372 si
968 1308 1080 1373 oculus

69 1413 104 1476 in
127 1435 203 1477 arcu
227 1418 323 1478 ΒΓΑ
346 1419 505 1479 mouetur.

547 1574 599 1637 43.

136 1677 243 1744 Locus
271 1684 334 1764 est,
366 1679 450 1742 unde
479 1679 572 1743 oculo
603 1681 709 1764 moto,
741 1680 932 1765 magnitudo
964 1685 1081 1766 autem,

71 1808 153 1870 quae
177 1785 333 1870 cernitur,
356 1790 505 1849 manente
529 1785 608 1850 haec
631 1784 812 1869 inaequalis
836 1787 1013 1871 adparebit.

576 1935 609 1989 B
752 1896 901 1956 comatur
911 1893 997 1957 enim
1007 1897 1081 1978 KA,

706 2002 795 2062 recta
819 2002 927 2062 autem
952 1999 995 2063 sit
1018 2002 1085 2064 ΒΓ

707 2126 780 2169 cum
816 2108 885 2168 ΚΔ
922 2106 1081 2189 producta

705 2231 913 2297 concurram,
952 2216 985 2275 et
1016 2235 1080 2276 me·

705 2317 758 2381 dia
789 2318 876 2382 inter
909 2323 942 2381 Λ
948 2322 988 2403 Γ,
1015 2322 1082 2383 ΓΚ

328 2392 409 2777 Z
703 2423 959 2508 proportionalis
976 2448 1081 2490 suma-

593 2436 651 2766 N
706 2533 759 2594 tur
774 2533 844 2615 ΓΖ,
859 2530 1079 2615 ducanturque

708 2639 785 2721 ZK,
806 2640 880 2722 ΖΛ,
903 2642 935 2700 et
959 2637 1079 2702 circum

642 2792 666 2851 Δ
706 2746 776 2806 ΚΛ
803 2747 1006 2828 segmentum
1030 2745 1081 2807 de-

707 2849 869 2913 scribatur
925 2850 1080 2934 angulum

70 2958 202 3018 acutum
219 2959 250 3017 Φ
267 2955 553 3039 comprehendens,
574 2955 743 3041 continget
756 2955 858 3040 igitur
871 2959 994 3019 rectam
1008 2958 1080 3038 ΒΓ,

70 3059 223 3143 quoniam
246 3064 297 3124 est
315 3065 348 3124 Δ
355 3063 387 3125 Γ
396 3083 403 3123 :
419 3064 481 3125 ΓΖ
495 3093 537 3114 =
554 3065 635 3126 ZF:
652 3065 724 3127 ΓΚ.
769 3062 835 3125 iam
860 3060 970 3126 oculus
993 3061 1028 3125 in
1051 3066 1081 3125 Β

932 3207 1079 3214 .-..——-

71 3303 138 3342 corr.
155 3305 190 3341 m.
206 3303 259 3341 rec.
316 3293 356 3342 12.
376 3287 563 3414 ul(pr.)]V0m.
578 3308 605 3359 p.
661 3295 701 3344 13.
724 3291 761 3361 P]
780 3291 845 3358 post
862 3305 916 3342 ras.
937 3294 951 3341 1
971 3288 1026 3343 litt.
1045 3289 1079 3344 V.

108 3364 149 3413 14.
169 3358 233 3431 εἰσι]
253 3375 337 3427 supra
356 3377 397 3412 -σι
414 3376 468 3413 ras.
594 3367 635 3415 17.
655 3362 716 3432 pp']
736 3361 765 3416 ν’
780 3360 836 3429 Vp,
857 3378 875 3413 v
892 3378 928 3414 m.
949 3365 977 3428 13
1002 3361 1045 3429 μζ’
1061 3379 1080 3414 v

69 3447 105 3483 m.
126 3436 150 3482 2.
241 3435 283 3483 20.
302 3429 345 3502 τό]
365 3435 402 3502 τῷ
421 3449 446 3484 v.
537 3437 578 3486 24.
599 3432 706 3503 ὀξεῖαν]
725 3431 755 3486 in
773 3449 827 3486 ras.
847 3431 880 3486 V.
965 3431 1034 3502 ἔχων
1052 3449 1082 3498 ν,

70 3520 117 3555 -ον
135 3500 166 3552 in
183 3519 237 3556 ras,
256 3501 289 3556 V.
363 3506 405 3557 27.
424 3503 731 3576 προσεκβεβλήσθωσαν
749 3521 783 3572 p.
