2334 3788
73 126 137 190 348
349 129 506 181 SOHOLIA
523 131 562 182 IN
581 130 812 184 οιΤοΡτωοι.

72 273 109 337 τὸ
134 272 303 358 ὁρώμενον
330 271 390 350 ἔξω
418 274 512 338 δοκεῖ
537 276 600 339 ἔσω
629 273 774 359 ὁρᾶσθαι
802 272 839 337 ἐν
866 280 912 358 τῷ
936 269 1087 356 ἐσόπτρῳ

72 379 155 443 κατὰ
177 380 239 462 τὴν
262 380 463 463 σύμπτωσιν.
769 407 796 467 Δ
1045 408 1079 461 B

138 522 169 584 4.
211 524 277 584 Τοῦ
307 526 338 585 Ε
368 521 638 607 καταληφθέντος

73 625 182 692 οὐκέτι
224 627 339 713 ὁρᾶται
379 629 416 693 τὸ
458 629 638 715 ὁρώμενον,
691 624 722 687 Α

38 733 91 798 53
125 736 208 798 κατὰ
243 730 304 817 μέν
339 736 376 799 τὸ
414 733 537 819 ἀληθὲς
578 735 637 815 ἔξω
769 724 802 776 E
916 727 953 780 K

74 841 190 926 ὁρᾶται
213 842 250 905 τὸ
274 846 320 925 Δ,
348 843 472 908 δοκοῦν
495 840 533 908 δὲ
561 844 638 930 ὁρᾶ-

74 954 156 1012 σθαι
179 949 261 1033 πρὸς
283 957 323 1033 τῇ
347 951 544 1034 συμπτώσει.
819 979 846 1049 Δ

140 1092 170 1156 3.
213 1095 280 1155 Τοῦ
303 1096 335 1155 Ε
360 1091 632 1176 καταληφθέντος
660 1093 769 1159 οὐκέτι
797 1095 914 1181 ὁρᾶται
941 1096 980 1159 τὸ
1005 1095 1089 1179 ὁρώ-

74 1221 190 1282 μενον,
224 1198 241 1262 3
271 1197 339 1262 ἐστι
366 1200 403 1263 τὸ
433 1205 479 1283 Λ,
513 1199 530 1264 3
557 1202 640 1264 κατὰ
668 1198 729 1285 μὲν
756 1203 792 1266 τὸ
821 1196 944 1284 ἀληθὲς
972 1200 1089 1285 ὁρᾶται

22 1321 56 1369 10
73 1305 157 1390 πρὸς
180 1314 225 1392 τῷ
245 1308 333 1390 τόπῳ
357 1313 402 1391 τῷ
422 1304 560 1391 ἀντικρὺ
583 1315 643 1370 τοῦ
663 1311 702 1390 B,
726 1309 931 1390 φαινόμενον
949 1302 988 1370 33
1006 1307 1089 1391 πρὸς

75 1422 114 1498 τῇ
139 1413 335 1495 συμπτώσει.

142 1548 171 1611 6.
206 1543 326 1609 Οὐκέτι
349 1545 465 1631 ὁρᾶται
488 1571 517 1630 p.
538 1546 688 1631 286,15]
713 1547 838 1612 οὐκοῦν
861 1545 898 1611 έν
921 1556 991 1621 τοῖς
1009 1568 1086 1630 κυρ-

75 1664 144 1728 τοῖς
177 1650 348 1737 ε’νόπτροις
381 1651 518 1716 ἕκαστον
555 1663 622 1717 τῶν
655 1652 833 1738 ὁρωμένων
865 1653 981 1738 ὁρᾶται
1013 1648 1086 1714 κατ’

76 1759 182 1824 έκεῖνο
211 1759 247 1822 τὸ
270 1757 384 1842 μέρος,
411 1756 491 1822 καθ’
518 1757 535 1822 ὃ
564 1760 755 1842 σύμπτωσις
782 1762 908 1840 γίνεται
932 1757 1087 1841 ἐκβαλλο-

23 1880 56 1928 15
76 1864 185 1950 μένων
212 1874 270 1948 της
294 1888 328 1928 τε
356 1866 463 1941 ὅψεως
490 1863 544 1928 καὶ
572 1875 630 1948 τῆς
657 1864 720 1929 ἀπὸ
749 1873 809 1928 τοῦ
837 1862 1007 1948 ὁρωμένου
1035 1861 1088 1926 ἐπὶ

75 1974 112 2037 τὸ
136 1970 275 2056 κέντρον
299 1970 572 2054 ἐπιζευγνυμένης
595 1971 737 2046 εὐθείας.

144 2098 172 2159 7.
210 2094 244 2160 Ὁ
272 2092 308 2159 33
335 2094 531 2180 Ἀρχιμήδης
559 2096 645 2160 οὕτω
674 2094 775 2177 λέγει,
808 2095 858 2158 ὅτι
887 2095 906 2176 ἡ
932 2099 958 2157 Ζ
983 2096 1090 2175 γωνία

76 2214 114 2287 τῇ
134 2208 166 2266 Ε
187 2201 206 2284 ἢ
227 2208 280 2283 ἴση
300 2201 390 2266 ἐστὶν
413 2201 432 2284 η’
455 2201 598 2266 έλοίττων
622 2201 641 2283 ἢ
661 2205 786 2285 μείζων.
825 2204 906 2264 ε”στω
925 2202 1091 2285 πρότερον

76 2312 193 2392 μείζων
216 2307 236 2389 ἡ
258 2313 284 2371 Ζ
308 2317 365 2391 τῆς
383 2314 427 2372 Ε·
452 2308 596 2373 έλοίττων
619 2310 683 2393 ίίρα
702 2308 722 2391 ἡ
741 2313 778 2371 Ε.
815 2307 1007 2371 ὑποκείσθω
1027 2303 1091 2371 οὖν

23 2430 58 2478 20
76 2416 176 2480 πάλιν
204 2416 291 2498 ὄμμα
320 2417 356 2479 τὸ
380 2420 428 2498 A,
460 2413 515 2479 καὶ
542 2414 606 2479 ιἰπὸ
630 2422 690 2478 τοῦ
715 2416 858 2497 ὄμματος
885 2413 985 2477 πάλιν
1010 2412 1091 2476 ἀνα-

76 2521 248 2586 κεκλοίσθω
269 2519 322 2585 ἐπὶ
341 2522 377 2585 τὸ
397 2521 567 2606 ὁρώμενον
585 2522 622 2585 τὸ
638 2526 675 2585 Β.
709 2523 798 2584 ἔσται
818 2522 882 2604 ίίρα
901 2519 920 2601 ἡ
936 2525 967 2583 Ε
984 2522 1091 2602 γωνία

76 2631 194 2712 μείζων
217 2637 274 2710 της
299 2633 334 2691 Z.
382 2622 422 2709 ἦν
447 2625 483 2691 δὲ
506 2625 561 2691 καὶ
585 2627 742 2692 ἐλάττων·
767 2627 846 2711 ὅπερ
871 2628 1005 2690 ἄτοπον.

145 2764 173 2824 8.
205 2760 301 2826 Ἀλλὰ
324 2760 379 2825 καὶ
402 2761 422 2843 ἡ
445 2766 473 2825 Θ
496 2771 534 2846 τῇ
555 2765 586 2824 Λ
608 2785 638 2844 p.
659 2761 733 2844 888,
754 2759 808 2843 16]
833 2758 853 2841 ἢ
877 2759 927 2823 ὅτι
950 2759 971 2842 ἡ
995 2783 1091 2843 κερα-

76 2870 205 2950 τοειδὴς
228 2871 332 2950 γωνία
356 2867 483 2949 ἁπάσης
507 2867 613 2944 ὀξείας
635 2869 758 2949 γωνίας
782 2865 924 2930 ἐλάττων
945 2865 1046 2948 ἐστίν,
1070 2865 1090 2947 ἢ

148 3084 172 3132 4.
197 3077 344 3146 Vinmg.
365 3076 424 3145 infi,
443 3094 493 3144 pq.
559 3082 583 3130 5.
607 3074 681 3128 Vin
699 3093 754 3144 mg.
774 3075 832 3144 inf„
852 3093 901 3144 pq.
963 3075 1089 3144 6.qu.

115 3156 137 3203 ⁷-
157 3149 206 3218 Vp
226 3148 273 3217 (ad
291 3165 368 3216 prop·
386 3152 411 3218 1)
431 3150 477 3216 (τι
551 3151 574 3201 8-
594 3146 696 3215 Vm)-

76 3270 276 3277 ....----»-».-,.-
285 3270 290 3274 .

149 3350 173 3398 5
194 3342 293 3415 ]0m
310 3361 335 3410 q
397 3349 438 3395 12.
459 3341 613 3432 σχόλιονμ,
633 3360 669 3394 m.
681 3341 739 3394 2V.
796 3347 837 3395 18.
857 3340 962 3413 ἥψω]
982 3341 1088 3396 m..2V

113 3416 202 3484 ἤμων
206 3419 222 3484 .)
263 3433 299 3468 m
320 3420 344 3466 2.
363 3414 396 3467 V.
489 3411 637 3483 ημείζων]
662 3431 698 3467 m.
719 3412 786 3465 2V.
878 3417 919 3466 19.
944 3412 1090 3481 μεῖζονν

130 3493 153 3540 4
175 3486 221 3552 ὀξε
222 3486 279 3558 aas]
299 3483 377 3552 ὀξίας
394 3484 520 3555 postea
512 3502 565 3539 ms.
583 3503 621 3538 m
640 3483 711 3551 lV
728 3501 783 3537 om
800 3502 828 3551 ρ.
