2334 3788
218 130 256 179 IN
276 128 486 180 OPTICORUM
504 129 759 181 RECENSIONEM
777 128 943 180 THEONIS.
1017 125 1082 189 259

74 266 168 354 οὖσα,
191 271 211 355 ή
235 272 299 358 ἀρα
322 271 386 336 ἀπὸ
409 280 469 335 τοῦ
489 275 522 336 Γ
538 272 621 357 πρὸς
641 271 748 358 όρθάς
766 269 909 355 ἀγομένη
929 273 1018 335 ἔσται
1038 271 1082 346 ὡς

73 377 93 459 ή
110 380 189 441 ΓΜ.
224 379 352 443 τούτων
371 373 408 441 δὲ
426 377 532 452 οὕτως
551 376 694 460 ἐχόντων
713 378 924 460 δειχθήσεται
942 375 963 458 ή
979 379 1043 440 ΖΛ
1048 381 1087 440 Ν

73 482 265 570 περιφέρεια
287 487 405 567 μείζων
428 494 486 568 τής
509 483 570 557 ΞΒ
598 486 808 568 περιφερείας
836 481 871 546 ἐκ
896 491 956 546 τοῦ
979 504 1083 568 παρα-

72 589 225 674 κειμένου
260 593 425 675 λήμματος
457 599 517 654 τοῦ
550 589 586 655 ἐν
615 599 660 677 τῷ
689 588 722 654 δ’
745 591 936 674 θεωρήματι
962 598 1022 652 τοῦ
1049 587 1082 672 γ’

71 699 204 779 βιβλίου
218 708 285 762 τῶν
300 702 514 783 Σφαιρικῶν·
534 702 607 772 ίσας
619 697 682 782 γάρ
697 699 906 783 περιφερείας
921 694 1082 781 ἀφαιροῦ·
1118 708 1135 757 5

72 819 128 868 σιν
160 805 197 868 αί
225 804 370 869 κάθετοι.
426 804 509 868 ὥστε
540 801 596 868 καὶ
622 805 728 885 γωνία
757 800 777 884 ή
807 807 841 865 Σ
869 804 987 885 μείζων
1014 800 1083 867 έστλ

71 919 129 993 τής
155 915 193 974 Φ.
240 912 322 976 ὥστε
345 908 442 992 καλή
468 914 533 973 ΖΛ
557 911 675 993 μείζων
699 910 880 993 φανήσεται
902 917 960 992 τής
984 911 1052 972 ΓΒ.

138 1035 189 1097 21.
231 1035 280 1098 Τὸ
308 1033 388 1098 αὐτὸ
418 1034 576 1118 θεώρημα
608 1035 644 1097 έν
672 1047 738 1096 τισι
770 1043 837 1096 τῶν
865 1030 1080 1118 ἀντιγράφων
1124 1038 1148 1117 ἠ

71 1138 207 1224 εὕρηται
230 1139 348 1216 οὕτως·
378 1141 418 1203 τά
442 1145 498 1204 ίσα
521 1136 644 1223 μεγέθη
670 1136 722 1202 έπλ
744 1147 802 1222 τής
825 1138 934 1222 αὐτῆς·
948 1135 1082 1215 εὐθείας

70 1246 151 1308 ὄντα
178 1241 233 1308 καὶ
259 1245 303 1327 μή
332 1242 447 1328 ἐφεξής
475 1243 630 1326 ἀλλήλοις
656 1246 788 1326 κείμενα
814 1244 931 1309 ἀνισον
954 1245 1080 1327 διεστη-
1100 1258 1134 1307 10

70 1352 150 1414 κότα
172 1358 232 1413 τοῦ
256 1348 400 1433 ὄμματος
423 1352 522 1416 ἀνισα
546 1353 708 1434 φαίνεται.

137 1458 284 1521 ἔστωσαν
311 1458 372 1521 δύο
400 1456 524 1541 μεγέθη
552 1458 592 1521 τά
619 1460 700 1540 ΑΒ,
724 1459 786 1520 ΓΔ
814 1454 866 1520 ἐπὶ
893 1465 951 1540 τής
978 1456 1080 1541 αότής

71 1563 204 1638 εὐθείας
227 1572 284 1647 τής
306 1569 373 1627 ΑΔ
394 1566 438 1647 μὴ
463 1561 579 1647 ε’φεξής
602 1562 756 1645 ἀλλήλοις
779 1560 860 1626 ὄντα
884 1560 940 1626 καὶ
962 1564 1080 1628 άνισον

70 1669 262 1752 διεστηκότα
285 1669 348 1735 ἀπὸ
371 1679 431 1734 τοῦ
455 1668 599 1754 ὄμματος
622 1677 681 1733 τοῦ
700 1673 740 1752 E,
763 1666 817 1732 καὶ
835 1667 1080 1753 προσπιπτέτω-

70 1792 133 1841 σαν
157 1774 285 1852 ἀκτῖνες
308 1778 345 1840 αί
365 1782 441 1860 ΕΑ,
460 1781 542 1860 ΕΛ,
565 1773 620 1839 καὶ
643 1778 725 1840 ἔστω
749 1778 867 1858 μείζων
887 1773 909 1857 ή
933 1780 1000 1839 ΕΑ
1022 1784 1080 1858 τής
1099 1788 1132 1837 15

69 1887 148 1965 EA,
171 1880 226 1945 καὶ
244 1881 331 1968 ὀρθὴ
350 1882 370 1965 ή
388 1883 454 1947 ὑπὸ
473 1887 585 1947 ΕΔΑ.
622 1880 717 1965 λέγω,
741 1882 792 1947 ὄτι
814 1882 834 1966 ή
854 1886 915 1947 ΓΔ
938 1892 996 1966 τής
1013 1886 1079 1946 ΑΒ

69 1991 187 2072 μείζων
201 1990 392 2072 φανήσεται.
419 1987 713 2074 προσπιπτέτωσαν
730 1987 858 2064 ἀκτῖνες
872 1989 909 2052 αί
918 1991 993 2072 ΕΒ,
1007 1993 1039 2052 E
1043 1990 1080 2071 Γ,

68 2092 124 2159 καὶ
146 2095 403 2180 περιγεγράφθω
427 2093 502 2181 περὶ
523 2096 560 2159 τὸ
579 2099 686 2158 ΑΕΔ
707 2095 828 2170 κύκλος
851 2091 1002 2178 δΑΕΔ,
1023 2091 1079 2159 καὶ

68 2203 431 2287 προσεκβεβλήσθωσαν
454 2202 490 2265 αί
511 2204 585 2285 ΕΒ,
603 2203 672 2264 ΕΓ
689 2200 819 2265 εὐθεῖαι
843 2196 895 2264 ἐπὶ
918 2201 958 2264 τά
978 2205 1015 2284 Ζ,
1033 2205 1078 2285 Η,

68 2305 123 2371 καὶ
147 2307 376 2373 ἀνεστάτωσαν
396 2306 460 2372 ἀπὸ
484 2318 552 2372 τῶν
570 2311 610 2390 Β,
625 2311 658 2372 Γ
676 2309 820 2390 σημείων
837 2318 909 2382 ταῖς
926 2311 959 2369 Α
964 2311 1003 2390 Β,
1019 2310 1080 2371 ΓΔ
1097 2320 1132 2369 20

68 2415 151 2499 πρὸς
173 2414 280 2500 όρθάς
302 2416 424 2497 γωνίας
446 2415 483 2478 αί
500 2418 574 2497 ΒΘ,
596 2417 669 2479 ΓΚ.
706 2410 776 2478 ἐπεὶ
794 2407 856 2478 οὖν
874 2414 911 2477 αί
927 2418 1003 2497 ΑΒ,
1018 2418 1096 2479 ΓΔ

70 2525 138 2584 ίσαι
161 2522 261 2604 είσίν,
293 2520 376 2585 ἀλλά
401 2518 456 2585 καὶ
484 2522 521 2584 αί
541 2524 620 2604 ΒΘ,
646 2523 723 2602 ΓΚ,
756 2519 800 2596 ὡς
828 2517 991 2604 δείξομεν,
1022 2517 1078 2585 καὶ

68 2629 172 2708 γωνία
204 2625 224 2708 ή
252 2626 317 2691 ὑπὸ
345 2631 448 2692 ΑΒΘ
475 2629 580 2714 γωνίᾳ
606 2638 645 2714 τῇ
672 2626 737 2690 ὑπὸ
760 2628 867 2689 ΔΓΚ
895 2624 985 2691 ἐστιν
1013 2633 1078 2711 ἴση,

140 2770 182 2817 21.
206 2781 237 2834 q,
266 2763 395 2819 similiter
412 2765 536 2818 M¹RF11
555 2765 599 2834 (τὸ
620 2765 650 2834 η’
671 2764 758 2827 άλλως
780 2765 850 2835 M¹);
878 2766 922 2818 est
944 2767 1000 2835 opt.
1020 2766 1089 2818 σεε..

68 2852 147 2904 prop.
167 2835 226 2888 VII.
1089 2812 1122 2885 x(

141 2982 166 3031 4.
186 2975 306 3045 λήματος
324 2976 358 3044 V,
381 2992 450 3032 corr.
469 2995 505 3030 m.
525 2993 578 3032 rec.
664 2977 718 3030 Pro
736 2982 822 3031 8-11
842 2977 951 3032 M¹Ru2
976 2975 1005 3031 ἔν
1023 2992 1079 3031 τισι

66 3058 123 3104 τῶν
141 3046 323 3117 ἀντιγράφων
342 3045 421 3115 (μετά
438 3047 490 3117 τήν
508 3047 644 3115 πρότασιν
662 3047 727 3102 αδδ.
746 3048 805 3118 Ru)
828 3047 882 3119 ἔχει
899 3046 917 3116 ή
936 3055 985 3101 τοῦ
1003 3050 1077 3102 θεω-

68 3119 191 3189 ρήματος
215 3118 325 3181 ἔκθεσις
352 3119 400 3172 καὶ
428 3119 513 3183 δεῖξις
540 3117 626 3182 οότως
649 3117 736 3188 (οὕτω
758 3119 834 3189 Ru);
862 3117 911 3172 iid.
936 3116 1015 3171 codd.
1039 3118 1077 3172 ad

67 3188 286 3259 πορρωτέρω...
304 3186 424 3244 τεθέντα
443 3189 507 3243 add.
527 3211 568 3260 γρ.
588 3190 636 3245 καλ
655 3193 718 3260 (om.
733 3189 796 3259 Ru)
820 3189 856 3313 μή
876 3187 976 3258 ἐφεξῆς
993 3188 1077 3257 ἀλλή-

67 3265 126 3324 λοις
143 3259 263 3317 τεθέντα
282 3261 331 3315 καὶ
345 3259 444 3316 άνισον
460 3260 622 3331 διεστηκότα
636 3269 685 3316 τοῦ
701 3260 823 3329 ὄμματος
856 3277 920 3315 νισα
934 3257 1075 3329 φαίνεταί

103 3338 144 3386 12.
171 3332 236 3387 έστω
260 3332 311 3386 δόο
336 3330 382 3385 ἴσα
405 3331 522 3386 MRFu.
613 3338 654 3388 19.
679 3331 710 3386 αἱ
729 3362 762 3372 -
782 3333 826 3402 Η]
850 3339 912 3394 ταῖς
935 3333 1002 3400 ΕΒ,
1021 3332 1081 3387 ΕΓ

69 3401 194 3466 εὐθείαις
213 3405 324 3458 εὐθεῖαι
342 3402 374 3457 αἱ
392 3406 456 3471 ΒΖ,
472 3407 531 3458 ΓΗ
546 3403 663 3458 MRFU.
746 3408 788 3457 22.
808 3400 860 3456 εἰσί
878 3419 904 3471 q.
982 3406 1025 3458 28.
1042 3401 1075 3477 ἡ]

66 3474 236 3546 τήΜΒῈιι.
309 3474 410 3546 ΔΓΚ]
429 3478 518 3528 ΑΓΗ
533 3473 586 3530 Fu.
660 3473 818 3545 ἐστιν]οω
836 3472 957 3529 MBAE'Uu

878 3559 935 3613 W*
