2324 3788
461 123 692 174 CATOPTRIOA.
950 134 953 141 ·
1013 115 1078 181 299

71 273 176 354 [prop.
198 269 239 349 1].
293 266 403 351 itaque
431 266 543 351 etiam,
575 263 631 348 qui
659 263 867 348 relinquitur,
900 269 1021 338 L0==
1037 268 1080 328 Π.

70 398 170 462 qnare
193 378 259 449 ΛΡ
272 379 351 448 >0
379 369 470 460 (nam
493 371 646 456 qnoniam
673 375 739 446 ΛΡ
753 382 786 444 >
801 375 850 455 Π,
878 369 996 454 quippe
1025 370 1081 453 qui

70 482 271 548 extrinsecus
308 479 435 565 positus
473 479 532 563 sit,
572 482 605 543 et
641 482 720 553 [Π
735 508 777 530 =
798 483 842 563 0,
883 476 946 541 erit
982 475 1101 569 etiam¹

514 592 534 660 l,
549 588 580 647 P
592 594 627 658 >
643 580 700 670 0).
748 583 928 649 communis
952 583 1080 647 adiicia-
1096 638 1098 645 .

513 696 567 756 tur
596 694 741 766 LOPZ.
801 712 878 776 ergo
912 693 986 776 ΓΖ,
1009 694 1086 754 ΑΗ

390 882 401 889 .
513 799 553 862 ad
584 801 633 882 H,
662 802 689 861 Z
728 819 841 862 uersus
879 800 1080 861 concurrent.

511 905 597 969 idern
621 907 730 968 autem
753 904 823 989 fiet,
846 904 945 968 etiam
969 904 997 968 si

690 1015 759 1076 ΑΘ
775 1022 808 1083 >
830 1013 897 1075 ΓΚ
900 1037 907 1096 3

513 1141 590 1184 nam
626 1116 1018 1197 ΛΛ-Ι-Μ>Ν-1-Ξ
1048 1120 1081 1181 et

514 1230 589 1301 [Π
597 1236 631 1300 >
648 1230 690 1310 0,
720 1228 751 1287 P
765 1234 798 1296 >
814 1229 852 1288 0.
898 1222 949 1287 sin

691 1337 723 1395 A
731 1335 760 1394 Θ
774 1341 808 1403 <
823 1334 901 1414 ΓΚ,
1096 1364 1098 1368 ⁴

514 1439 626 1503 eadem
649 1439 687 1502 de
707 1459 803 1502 causa
826 1436 888 1502 erit
911 1442 931 1511 L
947 1441 976 1500 O
990 1447 1023 1509 >
1039 1440 1082 1500 Π.

513 1567 627 1610 nerum
651 1550 672 1619 L
686 1548 717 1607 P
730 1556 764 1617 >
780 1548 821 1607 Π.
866 1543 977 1627 itaque
999 1542 1082 1607 nihil

71 1649 194 1732 obstat,
207 1670 272 1732 quo
286 1648 393 1714 minus
408 1649 452 1714 sit
466 1655 571 1726 LP=
582 1656 611 1715 0
624 1651 679 1715 uel
692 1655 759 1722 P<
768 1656 805 1734 0,
819 1650 867 1714 ita
877 1654 915 1713 ut
929 1656 961 1714 A
966 1653 1010 1734 H,
1020 1652 1082 1713 ΓΖ

70 1776 140 1819 non
167 1760 368 1820 concurrant.
419 1757 628 1822 manifestum
658 1761 709 1822 est
736 1761 858 1842 autem,
891 1757 959 1820 siue
988 1777 1081 1820 arcus

73 1865 142 1926 Aa
165 1884 240 1926 arcu
265 1865 332 1926 ΓΚ
356 1863 460 1928 maior
483 1863 527 1927 sit
550 1863 619 1929 sine
643 1863 800 1949 aequalia,
827 1866 997 1947 punctum,
1025 1861 1082 1926 ubi

72 1968 155 2033 radii
189 1969 320 2034 refracti
353 1975 561 2056 concurrant,
596 1992 700 2055 neque
737 1971 772 2034 in
808 1969 934 2033 ambitu
970 1967 1082 2033 circuli

70 2098 175 2158 neque
199 2081 289 2140 extra
312 2099 386 2141 eum
409 2077 487 2162 fore,
511 2078 567 2142 sed
588 2077 677 2141 intra
699 2081 836 2142 tantum.

566 2293 593 2355 7.

138 2413 339 2479 Altitudines
359 2419 392 2479 et
411 2413 649 2498 profunditates
672 2413 708 2477 in
732 2413 871 2498 sperulis
888 2413 995 2497 planis
1014 2435 1082 2477 sur-

365 2544 401 2599 B
495 2544 567 2585 sum
591 2521 741 2584 deorsum
760 2542 872 2585 uersae
892 2520 1055 2603 adparent.

562 2643 605 2708 sit
637 2643 775 2708 altitudo
804 2649 884 2729 ΑΕ,
916 2643 1082 2727 speculum

495 2755 605 2816 autem
617 2751 751 2834 planum
761 2755 834 2835 ΑΛ,
849 2750 961 2814 oculus
974 2754 1082 2813 autem

495 2863 538 2943 Β,
570 2862 603 2922 et
630 2857 711 2921 radii
735 2859 806 2942 ΒΓ,
826 2861 890 2921 ΒΔ
922 2857 963 2920 ad
990 2860 1032 2933 E,
1051 2859 1087 2919 K

412 2947 444 3008 Λ
495 2963 634 3028 refracti.
693 2962 804 3047 itaque
836 2962 935 3026 radiis
971 2961 1007 3025 in
1038 2961 1083 3026 di-

496 3074 622 3135 rectum
657 3069 824 3155 productis
859 3073 890 3132 Ε
926 3071 1083 3152 punctum

497 3177 644 3260 superius
662 3177 698 3241 in
719 3181 747 3240 Θ
769 3176 902 3259 adparet
920 3174 1083 3260 inferiore,

496 3286 530 3347 K
542 3288 651 3348 autem
664 3282 799 3347 inferius
813 3282 849 3345 in
864 3286 891 3345 Z
908 3280 1082 3364 superiore.

67 3411 172 3476 quare
196 3411 326 3454 sursum
348 3388 499 3455 deorsum
522 3412 635 3455 uersae
657 3389 817 3453 uidentur.
