2334 3788
76 109 98 163 L
442 108 718 163 Protheonem.

148 251 192 304 his
224 249 367 320 perpensis
396 249 484 304 oritur
510 248 644 319 suspicio,
678 248 851 319 catoptrica‚
884 252 981 319 queh'a
1008 269 1085 307 nunc

76 331 227 401 habemus,
252 330 401 384 aTheone
424 330 536 384 demum
558 328 710 399 compilata
733 346 806 398 esse,
829 334 862 386 ut
880 348 944 386 cum
961 333 1021 388 eius
1039 350 1085 388 re·

77 411 206 466 censione
217 409 378 480 Opticorum
388 409 418 463 in
431 412 480 465 τὸν
494 410 594 478 μικρὸν
607 410 867 480 ἀστρονομούμενον
880 413 1084 483 reciperentur;

76 509 143 547 nam
166 491 300 545 credibile
323 493 378 560 est,
407 507 471 544 eum
492 489 523 543 in
546 488 666 560 Optime,
694 490 744 545 ubi
772 508 841 561 opus
866 493 1020 562 genuinum
1045 493 1083 548 ob

77 572 172 628 oculos
190 571 320 640 haberet,
345 587 361 623 a
380 586 505 625 sermone
524 567 641 637 antiquo
659 569 751 625 minus
775 572 936 642 deflexisse,
961 575 990 627 et
1008 589 1083 642 quae

75 651 106 706 in
125 651 233 722 Opticis
255 665 360 706 nouare
382 649 545 719 incepisset,
568 648 598 701 in
617 649 784 719 Catoptricis
808 652 920 707 demum
943 653 1083 708 adfinem

75 731 246 803 perduxisse.
292 731 345 785 hoc
373 729 398 783 si
424 746 490 783 uere
518 727 675 797 suspicatus
699 747 773 799 sum,
802 729 832 784 in
854 731 915 786 cod.
940 732 1004 786 Uat.
1029 737 1083 786 204

75 811 124 866 τὸν
143 812 242 880 μικρὸν
260 809 520 878 ἀστρονομούμενον
542 807 629 863 talem
647 808 796 879 habemus,
821 810 912 878 qualis
931 827 949 865 a
967 810 1082 865 Theone

75 891 245 960 compositus
260 891 315 957 est;
335 888 371 942 ab
385 887 467 942 initio
482 887 643 957 catoptrica
656 905 713 943 non
727 889 938 960 comprehendit
951 889 1082 959 (Studien

74 988 101 1040 p.
123 973 192 1040 152).
233 972 295 1023 tum
317 985 403 1022 causa
428 971 472 1023 est
494 967 656 1036 dubitandi,
682 969 860 1039 scripseritne
883 969 996 1024 omnino
1016 969 1082 1024 Cat-

76 1049 184 1119 optrica
202 1046 345 1115 Euclides;
368 1057 458 1115 neque
478 1046 552 1101 enim
570 1047 623 1101 hoc
641 1064 677 1101 ex
693 1067 720 1118 p.
736 1054 778 1118 30,
799 1055 815 1103 3
839 1048 969 1104 concludi
986 1053 1082 1119 potest

74 1132 179 1199 (potest
193 1127 267 1183 enim
281 1127 367 1181 etiam
381 1127 504 1182 alienum
519 1144 588 1197 opus
601 1127 644 1182 ita
658 1127 763 1198 citare),
783 1132 812 1183 et
823 1129 937 1184 Proclus
952 1129 982 1184 in
991 1130 1080 1185 Elem

73 1228 100 1279 p.
112 1214 181 1277 69‚2
200 1208 319 1262 fortasse
337 1206 395 1261 iam
409 1206 529 1262 Theonis
549 1224 618 1275 opus
636 1207 666 1261 in
685 1207 815 1262 manibus
829 1207 938 1278 habuit,
956 1209 987 1264 in
1005 1210 1081 1278 quod

73 1288 199 1343 Euclidis
213 1304 315 1342 nomen
333 1287 369 1341 ob
384 1287 561 1341 uicinitatem
576 1286 738 1355 Optioorum
750 1287 835 1343 facile
849 1288 1079 1345 transferebatur.

73 1367 103 1421 in
122 1384 205 1437 opere
219 1384 269 1421 suo
284 1367 476 1436 componendo
489 1366 586 1420 Theon
600 1365 643 1420 uti
657 1370 769 1436 poterat
782 1371 812 1423 et
825 1368 1000 1424 Archimedis
1015 1369 1080 1424 (lat-

74 1448 197 1517 optricis,
216 1463 289 1516 quae
302 1446 404 1500 habuit
417 1446 457 1516 (in
470 1446 587 1500 Ptolem.
598 1449 670 1515 synt.
679 1464 707 1515 p.
719 1453 765 1516 1ος
785 1440 835 1504 cfr.
847 1449 934 1504 schol.
948 1466 989 1504 nr.
1001 1453 1036 1518 7),
1051 1451 1081 1504 et

72 1527 198 1582 Heronis.
236 1529 265 1581 et
287 1543 385 1580 reuera
402 1545 429 1597 p.
444 1532 505 1595 286,
521 1531 623 1579 17-19
647 1542 681 1581 ex
699 1526 894 1598 Archimede*)
918 1527 1023 1582 citatur
1041 1528 1078 1584 ab

76 1607 276 1678 Olympiodoro
295 1606 325 1659 in
347 1605 491 1660 Meteorol.
510 1605 536 1658 H
557 1624 585 1674 p.
604 1612 639 1660 94
662 1606 704 1660 ed.
723 1605 826 1676 Ideler‚
854 1609 883 1662 et
905 1624 982 1677 prop.
1002 1614 1020 1661 4
1042 1609 1080 1663 ad

73 1687 190 1741 uerbum
208 1686 266 1741 fere
284 1685 360 1756 apud
377 1686 516 1740 Heronem
533 1684 638 1754 legitur
654 1702 732 1754 prop.
749 1691 764 1740 7
783 1687 874 1756 (Rose,
893 1687 1039 1742 Anecdota
1053 1689 1080 1742 H

71 1785 98 1836 p.
113 1773 180 1834 3223
204 1766 252 1821 cfr.
271 1765 340 1820 ibid.
358 1782 436 1834 prop.
452 1770 468 1818 9
483 1791 516 1810 =
531 1764 654 1834 catoptr.
670 1771 712 1834 24,
731 1782 809 1835 prop.
826 1772 859 1820 10
874 1793 908 1812 =
922 1770 956 1838 5).

142 1847 193 1900 sed
207 1863 271 1900 cum
284 1845 370 1900 ceteri
383 1844 604 1914 Catoptricorum
617 1844 684 1899 libri
698 1845 803 1900 Graece
817 1863 873 1900 non
886 1846 944 1901 iam
958 1848 1077 1915 exstent

71 1928 198 1980 nostrum
217 1925 381 1995 opusculum
399 1928 522 1979 aetatem
539 1924 614 1996 tulit,
633 1925 700 1993 quia
718 1924 748 1979 in
766 1928 815 1981 τὸν
827 1927 927 1996 μικρὸν
945 1926 1078 1994 ἀστρονο-

72 2006 212 2075 μούμενον
227 2007 369 2074 receptum
379 2007 451 2073 erat;
466 2004 490 2058 is
504 2004 579 2058 enim
591 2008 705 2074 propter
713 2004 906 2061 Ptolemaeum
919 2021 1028 2074 semper
1041 2006 1078 2060 ab

72 2084 232 2140 hominibus
255 2084 419 2154 Byzantinis
443 2083 639 2153 lectitabatur;
667 2084 714 2139 cfr.
737 2083 898 2139 Theodorus
922 2084 1077 2140 Metochita

72 2165 148 2235 apud
166 2164 269 2219 Sathas
287 2169 428 2220 Μεσαιων.
448 2165 517 2235 defit.
536 2164 549 2217 I
570 2182 597 2232 p.
617 2166 664 2232 od:
686 2165 808 2234 καὶμὴν
829 2163 867 2218 ἔτι
885 2164 933 2219 καὶ
952 2163 1021 2218 deror
1038 2170 1076 2237 τῷ

71 2244 156 2313 ἀνδρὶ
172 2243 305 2315 (Euclidi)
327 2241 571 2314 προσεξείργασται
593 2243 694 2299 dursac?
711 2263 741 2298 τε
763 2244 811 2298 ναὶ
834 2243 1006 2312 surempsit&
1027 2246 1077 2300 uod

70 2321 210 2394 δεδομένα
233 2325 282 2379 καὶ
303 2322 338 2377 τὰ
361 2325 424 2393 περὶ
446 2333 501 2379 τῶν
523 2323 585 2379 κατ’
603 2324 725 2392 οὐρανὸν
744 2320 936 2392 φαινομένων,
959 2325 1074 2393 ὡστερεὶ

70 2402 204 2474 τρόδνρά
216 2424 281 2460 τινα
298 2412 386 2459 ταῦτα
404 2405 453 2460 καὶ
470 2404 610 2473 ντροαύλια
627 2412 683 2457 τῶν
702 2402 780 2466 ἐντὸς
798 2402 963 2471 ἀπορρήτων
979 2422 1009 2458 τε
1027 2405 1076 2460 καὶ

69 2486 181 2540 ἀδύτων
200 2481 397 2554 ἀστρονομίαςς
421 2502 447 2538 u.
467 2484 553 2538 etiam
571 2483 697 2538 eiusdem
714 2485 960 2553 ὑπομνηματισμοί
976 2501 1003 2553 p.
1024 2489 1075 2540 108

70 2565 221 2634 Kiessling.

141 2645 224 2714 Apud
237 2645 344 2699 Arabes
363 2644 472 2699 nullum
484 2643 636 2713 uestigium
654 2645 697 2696 est
711 2642 933 2712 (latoptricorum
946 2643 1076 2712 (Studien
1114 2669 1116 2672 ⁴

69 2724 140 2779 iiber
153 2723 259 2778 Huklid
272 2743 300 2794 p.
317 2727 390 2795 152);
409 2742 476 2779 narn
494 2739 566 2792 quae
585 2723 661 2791 apud
674 2722 800 2776 Alhazen
817 2721 999 2776 inueniuntur
1011 2740 1075 2792 pro-

68 2803 224 2875 positiones
253 2803 358 2857 similes
386 2803 553 2874 (Schneider
576 2803 698 2873 Eclogae
720 2803 801 2872 phys.
819 2802 846 2855 11
868 2821 895 2871 p.
914 2807 979 2871 231,
1003 2805 1074 2872 233),

69 2883 185 2938 aliunde
207 2884 311 2938 habere
334 2885 429 2953 potest
455 2882 547 2954 (uelut
569 2899 603 2937 ex
625 2883 735 2936 Herone
758 2883 787 2935 et
810 2879 994 2951 Ptolemaeo),
1022 2898 1075 2937 nec

68 2963 146 3033 apud
154 2963 343 3033 Uitellionem,
358 2980 529 3032 quamquam
542 2961 733 3031 multoplures
745 2959 949 3031 propositiones
968 2959 1074 3017 similes

67 3043 157 3098 hebet
174 3046 211 3109 (u.
231 3043 383 3098 Schneider
400 3043 418 3098 l.
434 3047 481 3114 c),
500 3041 654 3096 similitudo
673 3040 733 3096 eius
751 3040 829 3095 modi
847 3042 902 3111 est,
925 3044 958 3094 nt
976 3057 991 3096 e
1010 3041 1074 3096 (lat

67 3121 184 3192 optricis
207 3123 310 3178 nostris
333 3122 461 3176 hausisse
480 3120 670 3190 demonstrari
691 3120 794 3191 possit;
823 3123 866 3175 est
888 3120 963 3176 enim
984 3121 1074 3176 multo

68 3202 233 3274 diligentior
251 3205 280 3257 et
298 3201 449 3257 uerbosior.
483 3202 532 3255 sed
550 3204 583 3256 ut
602 3200 771 3270 Opticorum,
789 3200 832 3256 ita
851 3200 1075 3270 (latoptricorum

86 3372 163 3496 hg)
181 3371 275 3496 Habet
289 3369 376 3425 etiarn
388 3369 556 3425 Heliodorus
571 3375 689 3440 cap.11;
708 3368 784 3424 idem
797 3384 858 3438 cap.
870 3373 902 3424 13
918 3384 952 3422 ex
963 3368 1074 3424 Herone

67 3458 95 3497 cr
156 3459 233 3511 prop.
266 3485 273 3497 .
