2334 3788
323 115 534 168 orricosuu
552 118 731 170 anesusm
750 117 916 170 aaronis
1063 114 1112 177 15

180 260 224 324 sit
247 260 333 325 enim
357 261 470 325 oculus
494 264 532 346 Β,
555 265 705 326 cernatur
728 265 838 325 autem
862 264 929 325 ΓΔ.
970 260 1040 324 dieo
1063 260 1124 345 igi-

110 369 176 452 tur,
199 370 261 431 ΓΔ
282 367 318 431 in
341 369 481 452 quadam
504 368 660 432 distantia
681 367 826 452 positum
848 389 915 430 non
937 366 1002 430 iam
1026 367 1122 431 cerni.

109 478 252 558 ponatur
267 473 352 538 enim
368 478 430 538 ΓΔ
442 473 477 538 in
491 474 646 538 distantia
662 473 736 559 [def.
748 473 781 557 1]
798 474 963 538 radiorum
976 474 1068 537 uelut
1081 478 1120 538 K.

109 579 221 664 itaque
251 581 290 644 ad
319 584 354 644 K
378 580 487 645 nullus
514 581 623 645 radius
652 603 671 644 a
694 585 722 645 Β
751 580 885 646 adsidet.
940 603 1055 644 uerum
1082 581 1122 644 ad

111 688 199 769 quod
231 687 315 752 radii
346 709 413 753 non
445 688 612 773 adeidunt,
642 688 676 751 id
707 710 774 752 non
802 687 945 752 cernitur
977 687 1051 772 [def.
1076 689 1120 768 3].

111 814 188 877 ergo
218 794 341 879 omnia,
369 817 450 878 quae
478 798 667 881 eemuntur,
694 794 932 880 longitudinem
961 793 1121 879 quandam

110 899 283 965 distantiae
306 901 436 985 habent,
460 902 516 965 ubi
540 924 614 966 eum
636 901 745 987 posita
768 906 857 987 sunt,
879 924 945 966 non
967 901 1033 965 iam
1056 922 1121 964 eer-

107 1011 240 1071 nuntur.

601 1135 632 1198 4.

176 1256 434 1343 Longitudinum
453 1257 637 1340 aequalium
655 1258 690 1321 in
704 1259 815 1321 eadem
828 1262 917 1322 reeta
930 1258 1121 1344 positarum,

109 1385 233 1448 quaes
258 1363 414 1428 distantia
437 1364 558 1428 maiore
583 1369 766 1448 cernuntur,
790 1364 931 1429 minores
955 1365 1118 1449 adparent.

599 1471 664 1535 sint
689 1471 775 1536 enim
794 1471 945 1555 aequales
964 1475 1035 1557 ΒΓ,
1050 1475 1118 1556 ΓΛ,

108 1564 136 1620 Β
223 1567 260 1620 Γ
341 1565 370 1624 Δ
466 1580 492 1631 Ζ
534 1583 615 1663 ΔΖ,
653 1577 764 1642 oeulus
802 1583 911 1643 autem
944 1578 987 1643 sit
1019 1582 1065 1662 K,
1101 1601 1120 1642 a

530 1705 593 1767 quo
627 1685 778 1749 adeidant
810 1685 893 1749 radii
928 1688 1007 1768 ΚΒ,
1043 1688 1119 1768 ΚΓ,

529 1794 611 1877 ΚΔ,
637 1795 711 1875 ΚΖ;
748 1795 813 1855 ΚΒ
843 1796 950 1855 autem
984 1791 1023 1855 ad
1056 1796 1119 1855 ΒΖ

528 1898 802 1981 perpendicularis
837 1899 887 1962 sit.
947 1898 1014 1962 iam
1042 1919 1119 1981 quo-

528 2003 616 2067 niam
651 2003 687 2067 in
723 2004 887 2091 triangulo
926 2005 1117 2091 reetangulo

528 2113 630 2174 ΚΒΖ
663 2112 812 2195 aequales
842 2115 918 2177 sunt
945 2115 1018 2197 ΒΓ,
1046 2115 1117 2196 ΓΔ,

527 2223 608 2303 ΔΖ,
638 2218 908 2304 erit·LE>H,
942 2223 1061 2295 ΛΗ)
1079 2224 1116 2285 Θ.

527 2347 605 2410 ergo
629 2328 697 2390 ΒΓ
723 2326 828 2390 maius
857 2327 990 2411 adparet
1019 2349 1117 2410 quam

526 2434 600 2517 ΓΔ,
637 2435 699 2496 ΓΛ
733 2436 842 2497 autem
878 2433 982 2498 maius
1018 2456 1116 2519 quam

524 2543 604 2602 AZ.

597 2752 626 2799 Ο.

176 2851 417 2937 Magnitudines
451 2859 600 2942 aequales
636 2860 849 2944 inaequaliter
881 2860 1039 2926 distantes
1070 2859 1117 2923 in·

107 2958 258 3041 aequales
283 2961 452 3049 adparent,
476 2969 508 3028 et
531 2987 657 3050 semper
680 2967 798 3054 maior,
823 2989 904 3051 quae
929 2967 1022 3032 oculo
1045 2987 1117 3051 pro-

103 3064 176 3147 pior
199 3070 258 3131 est.

106 3227 264 3236 *-

105 3336 133 3384 Δ
142 3334 163 3384 Ζ
182 3331 246 3387 add.
265 3341 322 3387 τῶν
341 3331 397 3401 ἄρα
412 3337 540 3403 μεγεθῶν
559 3335 605 3388 ἐπὶ
622 3345 670 3406 τῆς
689 3339 774 3407 αὐτῆς
792 3333 907 3398 εὐθείας
925 3333 1015 3392 ὄντων
1031 3334 1067 3390 τὰ
1085 3334 1117 3393 ἐκ

103 3399 233 3466 πλείονος
252 3404 447 3473 ἀποστήματος
466 3405 592 3474 ὁρώμενα
607 3406 707 3462 ἐλάττω
723 3405 855 3478 φαίνεται
869 3425 905 3462 m.
921 3423 974 3463 rec.
984 3407 1018 3464 V.
1072 3411 1117 3465 2⁶.

104 3471 212 3542 ἔγγειον
230 3475 263 3530 V.
1095 3484 1136 3573 Α]
