2334 3788
106 114 171 178 336
499 116 730 169 CATOPTRIOA.

107 260 200 323 εἰσιν.
256 259 292 324 τὸ
325 261 388 346 ἄρα
421 260 560 324 εἴδωλον
593 262 747 343 φαίνεται
778 262 887 343 μειῖον
918 256 976 323 καὶ
1010 261 1123 342 μεῖζον

105 371 227 457 ἀπέχον
249 383 309 438 τοῦ
333 373 507 460 ἐνόπτρου·
530 378 649 459 μείζων
671 374 735 460 γὰρ
758 372 778 456 ἡ
801 378 878 438 MA
900 383 960 458 της
983 380 1017 438 A
1023 379 1065 439 A.

173 603 231 696 ἐὰν
250 600 286 668 δὲ
306 602 365 682 ἔξω
385 614 443 688 τῆς
461 602 639 691 διαμέτρου
658 611 740 691 τεθῇ
759 605 799 668 τὰ
812 602 952 689 ὄμματα,
971 605 1014 669 τὰ
1032 605 1123 684 δεξιὰ

108 723 261 803 φαίνεται
284 717 374 798 δεξιὰ
397 719 452 785 καὶ
475 721 515 786 τὰ
538 721 694 807 ἀριστερὰ
718 721 872 806 ἀριστερὰ
894 717 1008 788 καὶτὸ
1029 727 1123 791 εόόω-

74 849 89 897 5
109 840 169 899 λον
192 837 331 900 ἔλασσον
353 843 413 899 τοῦ
436 836 616 922 προσώπου
643 835 698 901 καὶ
722 835 758 900 έν
780 846 825 924 τῷ
849 835 912 900 ιἰνὰ
935 832 1041 919 μέσον
1065 842 1123 897 τοῦ

105 951 283 1035 προσώπου
307 947 444 1014 καὶτοῦ
468 949 639 1036 ἐνόπτρου.

173 1086 255 1148 ἔστω
284 1084 347 1168 γὰρ
376 1080 504 1166 ὄμματα
526 1084 566 1147 τὰ
589 1085 633 1166 Β,
653 1086 694 1167 Γ,
721 1081 860 1169 κέντρον
882 1079 920 1147 δὲ
942 1084 980 1148 τὸ
1005 1088 1035 1148 Ζ
1063 1093 1121 1148 τοῦ

108 1198 280 1283 ἐνόπτρου,
303 1196 359 1263 καὶ
381 1207 421 1283 τῇ
446 1196 608 1287 διαμέτρῳ
631 1198 715 1284 πρὸς
735 1198 842 1284 ὀρθὰς
864 1201 946 1263 έστω
966 1199 986 1282 ἡ
1006 1205 1040 1263 Α
1047 1204 1122 1282 ΖΛ,

107 1313 162 1378 καὶ
189 1315 292 1399 ταύτη
319 1315 402 1400 πρὸς
425 1313 531 1399 ὀρθὰς
557 1313 578 1397 ἡ
602 1317 678 1397 ΒΓ,
711 1311 767 1379 καὶ
795 1320 848 1397 όση
876 1324 915 1400 τῇ
943 1318 1006 1378 BA
1040 1317 1120 1379 έστω

57 1428 129 1512 1οἡ
153 1433 228 1513 ΑΓ,
255 1428 310 1493 καὶ
334 1426 411 1506 ὄψις
433 1428 453 1511 ἡ
476 1432 539 1492 ΒΔ
561 1428 775 1513 ἀνακλωμένη
800 1428 852 1494 ἐπὶ
875 1430 911 1494 τὸ
937 1433 970 1494 Γ
987 1428 1043 1494 καὶ
1068 1430 1121 1494 διὰ

108 1553 168 1609 τοῦ
191 1543 331 1630 κέντρου
349 1546 387 1610 αἱ
403 1549 431 1608 Β
438 1548 512 1629 ΖΚ,
533 1548 642 1628 ΓΖΕ,
665 1544 720 1610 καὶ
739 1544 802 1610 ἀπὸ
821 1556 888 1610 τών
906 1550 945 1628 Ε,
961 1549 996 1609 Κ
1015 1544 1037 1627 ἡ
1058 1549 1124 1609 ΚΕ

109 1659 302 1743 ἐπεζεύχθω.
348 1661 472 1725 οὐκοῦν
494 1662 531 1725 τὸ
555 1658 616 1744 μὲν
636 1665 665 1724 Β
680 1653 742 1726 Ιἐπὶ
764 1671 824 1726 τοῦ
844 1664 878 1724 Κ
898 1665 1064 1746 φαίνεται,
1086 1662 1121 1725 τὸ

109 1772 145 1839 δὲ
170 1778 202 1839 Γ
221 1774 274 1841 ἐπὶ
296 1785 356 1840 τοῦ
379 1780 417 1840 E.
454 1777 494 1840 τὰ
513 1778 577 1861 ἄρα
601 1774 690 1853 δεξιὰ
713 1775 803 1854 δεξιοὶ
826 1775 880 1841 καὶ
903 1777 943 1840 τὰ
967 1775 1121 1862 ἀριστερὰ

110 1891 265 1976 ἀριστερὰ
284 1895 436 1975 φαίνεται
455 1890 565 1956 καὶτὸ
584 1896 654 1956 ΕΚ
669 1893 808 1958 εἴδωλον
827 1896 967 1957 ἔλασσον
985 1901 1047 1956 τοῦ
1062 1895 1126 1956 ΒΓ

55 2022 90 2069 15
109 2008 301 2091 προσώπου·
329 2006 538 2091 παράλληλος
560 2006 623 2090 γάρ
648 2005 736 2071 έστιν
760 2007 780 2090 ἡ
803 2011 872 2071 ΕΚ
895 2018 934 2092 τῇ
959 2010 1040 2072 ΒΓ·
1069 2013 1121 2072 καὶ

109 2121 172 2185 ἀνὰ
195 2121 296 2205 μέσον
323 2130 382 2185 τοῦ
407 2120 567 2205 ένόπτρου
594 2119 649 2185 καὶ
677 2130 736 2185 τοῦ
759 2124 938 2207 προσώπου
967 2126 1121 2206 φαίνεται

107 2238 143 2300 τὸ
167 2238 314 2301 εἴδωλον.

175 2368 381 2454 ἀναγομένου
405 2366 442 2434 δὲ
460 2378 520 2433 τοῦ
539 2371 718 2455 προσώπου
742 2373 790 2434 ἔτι
809 2373 948 2435 ἔλασσον
967 2375 1121 2456 φαίνεται

110 2486 147 2549 τὸ
171 2486 319 2549 εἴδωλον.
360 2489 440 2550 ἔστω
464 2487 528 2570 γὰρ
552 2488 588 2551 τὸ
608 2491 691 2550 ΜΝ
709 2489 888 2572 πρόσωπον
910 2487 947 2551 τὸ
972 2487 1054 2552 αὐτὸ
1078 2497 1122 2574 τῷ

58 2614 91 2662 20
111 2604 178 2664 ΒΓ
196 2600 379 2685 ἀφεστηκὸς
401 2601 464 2665 ἀπὸ
489 2610 548 2665 τοῦ
573 2605 641 2666 ΒΓ
658 2602 961 2716 κείμενονὸμοίως.
999 2602 1122 2666 οὐκοῦν

181 2908 205 2956 1.
228 2901 280 2954 εἰσι
297 2901 367 2955 Mm.
459 2907 482 2954 2.
508 2904 600 2968 μεῖζον
619 2919 644 2954 ν.
737 2905 761 2955 3.
780 2901 863 2967 Vm,
887 2900 1006 2969 λη’Κτ.
1098 2905 1121 2952 4.

110 2970 188 3037 δεξιὰ
217 2969 349 3040 φαίνεται
378 2990 414 3024 m.
511 2980 534 3025 ὃ.
565 2971 676 3025 ἔλαττον
706 2972 743 3026 Μ.
835 2968 936 3039 μέσον]
966 2968 1039 3039 με’σω
1067 2971 1122 3024 Vv.

146 3049 168 3096 7.
197 3052 246 3097 τοῦ
272 3042 408 3110 ἐνόπτρου
431 3043 462 3096 τὸ
485 3047 505 3095 Ζ
527 3061 563 3096 m.
660 3049 684 3096 8.
713 3047 797 3096 ΑΖΔ
839 3047 893 3095 ΑΔ
915 3041 949 3108 V,
978 3027 1029 3095 sed
1055 3059 1122 3096 corr.

109 3132 145 3167 m.
166 3120 189 3167 1.
279 3120 303 3168 9.
327 3123 360 3184 τη
380 3118 428 3166 BA
453 3112 496 3182 ἴση
520 3132 556 3167 m.
648 3122 689 3168 11.
714 3118 796 3168 ΒΖΚ
835 3116 917 3166 ΒΖΕ
939 3113 976 3167 Μ.
1067 3112 1123 3166 ἀπό

109 3217 143 3224 -
163 3185 234 3256 ΚΕ]
265 3202 317 3239 om.
337 3203 373 3239 m.
465 3183 622 3255 ἐπεζεύχθω
645 3186 663 3255 ἡ
684 3189 741 3238 ΕΚ
766 3203 802 3238 m.
894 3189 935 3237 12.
966 3185 1004 3255 Β]
1038 3189 1064 3237 Γ
1087 3203 1122 3237 m.

144 3258 205 3326 τοῦ]
225 3272 293 3310 corr.
313 3272 347 3309 ex
365 3254 396 3308 τό
415 3256 451 3308 M.
541 3257 582 3327 K]
603 3260 627 3309 E
645 3257 682 3311 Μ,
770 3261 811 3309 13.
833 3256 874 3326 Γ]
895 3260 916 3308 Β
934 3273 970 3310 m.
1059 3253 1124 3326 καί]

110 3325 241 3395 φαίνεται
268 3325 317 3381 καί
344 3345 379 3379 m.
496 3331 537 3380 14.
572 3325 719 3398 φαίνεται]
747 3344 800 3380 om.
824 3345 859 3380 m.
975 3331 1017 3381 18.
1049 3326 1125 3380 ἔλατ-

109 3418 158 3452 τον
177 3398 213 3452 Μ.
288 3404 330 3451 20.
351 3397 500 3469 Br(alt.)]
520 3402 575 3451 ΒΓ
589 3396 638 3452 καί
656 3417 691 3453 m.
757 3398 872 3468 οόκοῦν]
893 3397 980 3452 όκοῦν
999 3397 1034 3467 V,
1056 3414 1125 3453 corr.

109 3487 145 3522 m.
166 3475 189 3523 1.
