2334 3788
91 146 157 211 360
365 147 522 200 scnom
539 147 579 199 m
597 147 830 200 οονονυυοο

157 291 208 356 52.
241 293 375 368 Μείζων
398 286 435 354 ὁὸ
458 288 479 372 ἡ
502 294 574 355 MA
601 299 660 374 τῆς
681 294 746 355 AA
773 290 891 367 οὕτως·
925 286 995 354 ἐπεὶ
1023 312 1105 375 παρ-

92 396 233 479 άλληλος
255 394 275 478 ἡ
300 400 362 461 BA
384 406 423 481 τῇ
447 401 541 480 ΠΜ,
575 403 629 479 ἴση
653 397 673 482 ἡ
695 399 779 483 πρὸς
801 406 846 484 τῷ
870 401 914 462 Μ
936 399 1044 479 γωνία
1066 403 1105 482 τῇ

91 505 174 589 πρὸς
195 512 242 591 τῷ
268 506 313 587 A,
341 502 453 588 ἐπειδὴ
477 502 566 589 ὀρθὴ
593 503 614 587 ἡ
637 505 720 590 πρὸς
742 513 787 592 τῷ
812 508 852 569 A.
898 506 968 568 ἔστι
991 499 1028 567 ὁῖ
1051 500 1107 567 καὶ

91 608 111 692 ἡ
134 610 218 695 αρὸς
241 618 286 698 τῷ
305 613 340 673 Κ
361 615 416 693 ἴση
439 619 478 694 τῇ
502 609 567 675 ὑπὸ
586 614 703 675 ΠΑΜ
721 611 779 673 ὁωλ
801 611 839 675 τὸ
861 611 923 693 τὴν
945 605 1005 693 μὲν
1022 610 1108 695 πρὸς

56 725 137 804 σαῷ
161 719 196 779 Κ
222 722 298 799 ἴσην
320 711 406 781 εἶναι
433 726 473 802 τῇ
500 717 584 803 πρὸς
606 726 651 804 τῷ
673 722 722 800 A,
749 718 812 800 την
834 712 871 780 ὁὸ
897 717 982 800 πρὸς
1003 725 1050 803 τῷ
1075 721 1108 780 A

92 831 131 907 τῇ
155 822 238 886 κατὰ
260 825 426 908 κορυφήν·
457 824 634 905 ἰσογώνιον
657 825 722 909 ὁίρα
744 825 781 888 τὸ
806 827 924 888 ΠΑΜ
940 825 1107 909 τρίγωνον

92 937 137 1015 τῷ
162 931 265 993 BAA.
302 940 369 994 τῶν
392 926 429 994 ὁὸ
453 932 639 1012 ἰσογωνίων
661 927 829 1011 ἀνάλογον
850 930 888 993 αί
908 927 1051 1015 πλευραὶ
1073 930 1109 993 αί

92 1031 169 1120 περὶ
192 1036 251 1112 τὰς
275 1041 348 1113 ἴσας
370 1039 506 1118 γωνίας·
531 1039 622 1100 ἔστιν
642 1037 716 1122 ἄρα,
740 1036 785 1113 ὡς
803 1033 823 1118 ἡ
843 1040 927 1101 ΠΜ
943 1036 1029 1121 πρὸς
1047 1036 1107 1118 τὴν

93 1145 175 1224 MA,
199 1141 305 1219 οὕτως
327 1142 348 1226 ἡ
371 1147 433 1207 BA
456 1144 539 1229 πρὸς
562 1147 640 1208 AA·
665 1141 721 1209 καὶ
744 1142 892 1226 ἐναλλάξ,
916 1142 961 1218 ὡς
983 1141 1005 1225 ἡ
1030 1146 1112 1207 ΠΜ

40 1263 75 1311 10
93 1248 176 1332 πρὸς
198 1249 260 1331 την
283 1252 358 1332 BA,
387 1249 493 1325 οὕτως
515 1248 536 1333 ἡ
559 1254 632 1314 MA
659 1251 741 1336 πρὸς
765 1253 837 1314 AA.
882 1251 1003 1333 μείζων
1027 1245 1106 1331 ὁὸἡ

93 1357 165 1417 MA
183 1364 241 1437 τῆς
256 1357 330 1419 AA·
355 1358 473 1439 μείζων
491 1357 556 1442 ἄρα
574 1354 629 1421 καὶ
647 1355 668 1439 ἡ
683 1360 767 1420 ΠΜ
779 1365 837 1439 της
853 1353 955 1442 BA.¹)
986 1354 1107 1439 ὁμοίως

92 1456 148 1523 καὶ
171 1459 191 1543 ἡ
215 1464 259 1525 Μ
262 1465 290 1524 Θ
312 1470 370 1544 τῆς
393 1465 424 1525 A
431 1464 466 1526 Γ.

160 1584 212 1649 53.
247 1584 381 1649 Οὐκοῦν
403 1586 440 1649 τὸ
464 1581 525 1669 μὲν
548 1590 576 1649 Β
600 1586 729 1670 p.336‚
750 1585 805 1671 12]
832 1584 944 1668 ἐπειδὴ
968 1583 1107 1649 ἕκαστον

93 1701 161 1754 τῶν
184 1689 363 1774 ὁρωμένων
390 1691 506 1777 ὁρᾶται
534 1692 616 1756 κατὰ
642 1693 703 1776 τὴν
731 1693 925 1777 σύμπτωσιν
953 1690 1107 1774 ἐκβαλλο-

41 1810 75 1859 15
94 1793 203 1879 μένων
231 1805 288 1879 τῆς
310 1819 345 1860 τε
373 1799 479 1873 ὅψεως
510 1795 566 1862 καλ
593 1808 650 1882 της
678 1797 741 1862 ἀπὸ
769 1807 829 1862 τοῦ
853 1796 1026 1883 ὁρωμένου
1056 1794 1106 1861 ἐπὶ

94 1903 131 1966 τὸ
151 1899 290 1986 κέντρον
309 1900 593 1988 ἐπιζευγνυμένης,
616 1905 698 1968 ὥστε
716 1913 776 1968 τοῦ
794 1909 822 1968 Β
841 1902 987 1990 ὁρῶντος
1004 1912 1066 1968 τοῦ
1081 1905 1111 1967 Γ

95 2007 265 2092 ὁρωμένου
287 2006 426 2072 καὶτοῦ
451 2011 483 2073 Γ
501 2009 647 2093 ὁρῶντος
669 2019 729 2076 τοῦ
753 2015 781 2074 Β
809 2008 981 2096 ὁρωμένου
1004 2010 1106 2075 ταύτὰ

94 2119 258 2196 γίνεσθαι.

162 2240 213 2303 54.
244 2237 410 2304 Ἐλάσσων
434 2235 470 2303 ὁὸ
493 2238 513 2321 ἡ
537 2242 606 2303 ΕΚ
626 2250 684 2323 τῆς
702 2243 770 2305 ΒΓ
788 2239 823 2305 ἐκ
844 2248 905 2304 τοῦ
930 2241 1107 2323 ἰσογώνιον

42 2360 77 2408 20
96 2340 181 2409 εἶναι
204 2347 241 2409 τὸ
265 2351 331 2409 AA
338 2348 369 2410 Γ
387 2354 433 2431 τῷ
456 2344 595 2432 ΔΕΚΞ)
624 2345 659 2411 ἐκ
681 2356 739 2430 τῆς
761 2356 876 2430 κοινῆς
903 2350 1028 2430 γωνίας
1054 2344 1108 2411 καὶ

96 2450 131 2515 ἐκ
154 2462 221 2515 τῶν
244 2451 360 2536 ὀρθῶν
383 2452 498 2517 διὰτὸ
522 2454 754 2538 παραλλήλους
776 2448 861 2519 εἶναι
884 2455 946 2538 τὴν
963 2456 1034 2517 ΕΚ
1054 2452 1109 2517 καὶ

95 2559 156 2642 τὴν
179 2560 250 2621 ΒΓ.

169 2753 193 2818 1)
212 2749 311 2803 Brrore
330 2749 504 2818 permutauit
522 2754 589 2820 MA,
604 2757 655 2805 ΛΑ
674 2753 703 2806 et
722 2755 794 2820 HM,
810 2757 865 2807 BA.

168 2824 193 2890 2)
212 2820 317 2874 Debuit
336 2820 404 2876 dici:
424 2823 569 2877 dimidium
587 2827 681 2878 ΛΕΚ.

116 3018 313 3142 ᾱοξ3ἕ(ρ)4;
333 3018 432 3072 eodem
444 3018 575 3087 pertinet.
631 3025 672 3074 53.
690 3020 767 3090 V(q).
823 3024 865 3074 54.
884 3018 967 3087 V(q);
986 3018 1111 3088 pertinet

97 3104 178 3157 ap.
247 3133 253 3156 ,
314 3107 353 3156 sq.

168 3290 192 3338 4.
212 3285 272 3410 u‘fil'
281 3301 349 3338 corr.
369 3300 403 3337 ex
421 3284 452 3339 τό
471 3303 507 3339 m.
529 3290 542 3337 1
562 3285 595 3338 V.
678 3290 701 3339 6.
721 3285 766 3357 τῇ]
786 3292 834 3354 τῆς
853 3284 886 3340 V.
966 3283 1108 3355 κορυφήν]

97 3363 224 3424 κορυφῆς
274 3400 279 3410 .
371 3357 480 3427 ΠΑΜ]
505 3359 599 3409 HAN
618 3357 651 3411 V.
747 3363 771 3410 9,
801 3357 875 3480 MA)
900 3360 1109 3497 οοῐῖὲθξοέλίέρ

93 3427 219 3553 νη,
282 3427 563 3571 1,
679 3428 750 3499 ν]
984 3470 989 3483 ·
