2334 3788
93 153 159 220 220
304 154 514 207 OPTICORUM
531 155 709 207 REGENSIO
728 155 893 208 ΤΗΕΟΝΙΒ.

92 304 161 365 ΕΓ
178 299 387 384 παράλληλος
408 297 429 381 ἡ
452 303 534 382 ΑΒ,
561 295 616 363 καὶ
644 302 725 364 ἔστω
749 299 769 382 ἡ
794 303 859 362 ΑΒ
885 307 925 384 τῇ
947 303 1015 362 ΔΖ
1043 304 1107 381 ίση.

93 405 187 489 λέγω,
211 406 262 471 ὅτι
280 406 300 489 ἡ
320 410 386 470 ΑΒ
408 416 525 470 πασῶν
547 416 615 470 τῶν
638 404 691 470 ἐπὶ
710 415 767 489 τῆς
789 413 848 470 τοῦ
866 406 991 470 κύκλου
1014 427 1105 492 περι-

93 516 227 598 φερείας
261 511 512 596 μεθισταμένων
549 513 692 577 εὐθειῶν
729 510 878 576 ἐλάσσων
914 513 1105 595 φανήσεται.

95 620 344 704 ἐπεζεύχθωσαν
367 621 429 706 γδιρ
454 621 490 684 αί
512 622 587 703 ΓΖ,
610 624 688 702 ΕΖ,
712 622 789 701 ΒΓ,
810 623 882 682 ΕΒ.
928 621 1045 702 ἔχομεν
1068 615 1105 682 δέ

19 747 37 776 0
59 736 74 783 5
95 727 131 791 ἐν
153 736 199 814 τῷ
222 724 449 812 παρακειμένῳ
473 735 518 813 τῷ
543 723 595 794 λς’
610 727 811 811 θεωρήματι,
834 724 884 789 ὅτι
903 735 1020 788 πασῶν
1037 735 1105 789 τῶν

93 834 150 898 διδι
178 841 238 897 τοῦ
262 837 294 896 Ε
320 835 456 916 σημείου
484 830 656 916 ἀγομένων
682 832 826 896 εὐθειῶν
851 828 907 894 καὶ
934 841 1106 896 ποιουσῶν

92 941 176 1026 πρὸς
207 949 247 1025 τῇ
279 942 352 1003 ΕΓ
380 942 506 1022 γωνιάν
539 937 689 1022 ἐλαχίστη
721 935 812 1003 ἐστὶν
842 936 863 1020 ἡ
894 937 960 1002 ὑπὸ
994 941 1105 1001 ΓΕΑ.

93 1044 162 1111 ἐπεὶ
190 1043 252 1112 οὖν
277 1046 297 1129 ἡ
322 1050 385 1110 ΓΕ
410 1055 450 1130 τῇ
473 1049 539 1109 ΑΒ
566 1044 775 1131 παράλληλός
802 1043 904 1123 ἐστιν,
938 1043 1021 1108 ἀλλὰ
1048 1041 1106 1108 καὶ

94 1159 159 1237 ἴση,
177 1151 232 1218 καὶ
250 1152 271 1235 ἡ
286 1158 349 1217 ΕΑ
366 1155 430 1239 ἄρα
448 1161 487 1238 τῇ
503 1155 564 1216 ΓΒ
584 1158 637 1235 ίση
652 1174 687 1216 τε
704 1150 760 1216 καὶ
777 1151 986 1236 παράλληλός
1000 1150 1105 1215 ἐστιν·

41 1267 74 1315 10
93 1262 436 1345 παραλληλόγραμμον
459 1260 522 1344 ἄρα
546 1256 614 1322 ἐστὶ
637 1259 674 1322 τὸ
699 1262 771 1322 ΒΕ.
812 1258 868 1321 διδι
891 1257 931 1320 τὰ
954 1256 1039 1321 αὐτὰ
1062 1256 1104 1339 δὴ

93 1364 148 1430 καὶ
180 1367 217 1431 τὸ
248 1371 313 1431 ΖΕ
342 1367 685 1452 παραλληλόγραμμόν
713 1364 811 1429 ἐστιν.
863 1361 920 1428 καὶ
951 1361 1021 1427 ἐπεὶ
1053 1364 1108 1427 δεῖ

94 1471 211 1555 δεῖξαι,
236 1472 286 1536 ὅτι
310 1475 449 1537 ἔλασσον
472 1475 625 1556 φαίνεται
648 1473 685 1536 τὸ
710 1476 775 1535 ΑΒ
798 1479 858 1535 τοῦ
882 1475 961 1553 ΔΖ,
990 1453 1106 1554 δῆλον,

94 1578 145 1643 ὅτι
167 1581 330 1664 πρότερον
353 1579 405 1642 δεῖ
426 1578 539 1662 δεῖξαι,
563 1579 614 1643 ὅτι
636 1577 656 1660 ἡ
674 1577 740 1642 ὑπὸ
760 1582 860 1642 ΒΕΑ
883 1580 987 1659 γωνία
1009 1576 1104 1641 ἐλαίο-

94 1701 163 1748 σων
187 1683 256 1749 ἐστὶ
279 1694 336 1768 της
358 1685 423 1750 ὑπὸ
449 1689 548 1748 ΖΕΑ
575 1686 706 1767 γωνίας.
752 1681 821 1748 ἐπεὶ
844 1679 906 1747 οὖν
929 1681 1103 1766 δέδεικται,

41 1801 74 1849 15
94 1791 144 1855 ὅτι
163 1802 279 1856 πασῶν
296 1802 364 1856 τῶν
383 1791 438 1855 διὰ
456 1800 516 1856 τοῦ
530 1797 562 1855 Ε
583 1795 719 1875 σημείου
738 1788 945 1873 διαγομένων
959 1789 1104 1854 εὐθειῶν

92 1896 147 1961 καὶ
175 1908 344 1963 ποιουσῶν
371 1900 453 1985 πρὸς
480 1908 520 1984 τῇ
549 1902 612 1962 ΓΕ
637 1901 759 1980 γωνίας
786 1896 936 1981 ἐλαχίστη
965 1893 1055 1961 ἐστὶν
1081 1895 1103 1977 ἡ

91 2003 156 2068 ὑπὸ
186 2008 300 2088 ΓΕΑ,
333 2004 482 2070 ἐλάσσων
509 2007 573 2089 ἄρα
601 2003 669 2068 ἐστὶ
696 2002 751 2067 καλ
778 2013 835 2086 τῆς
861 2003 926 2067 ὑπὸ
955 2006 1055 2066 ΓΕΔ
1081 2001 1102 2084 η

92 2110 157 2174 ὑπὸ
182 2115 289 2175 ΓΕΑ.
337 2111 496 2177 ἐκκείσθω
519 2121 565 2199 τῷ
588 2120 647 2175 τοῦ
670 2112 794 2175 κύκλου
817 2109 999 2196 ἡμικυκλίῳ
1029 2115 1104 2173 ίσον

19 2222 37 2285 ,·”
92 2217 129 2280 τὸ
153 2220 273 2301 ΚΑΛ,
301 2217 356 2282 καὶ
380 2220 530 2302 εἰλήφθω
554 2219 657 2288 αὐτοῦ
685 2218 721 2281 τὸ
745 2216 883 2302 κέντρον
910 2218 947 2281 τὸ
971 2221 1019 2299 Ν,
1047 2213 1104 2279 καὶ

40 2333 75 2381 20
93 2326 218 2387 κείσθω
242 2332 281 2408 τῇ
304 2324 369 2388 ὑπὸ
394 2328 492 2388 ΓΕΑ
516 2331 569 2407 ίση
593 2327 698 2406 γωνία
721 2323 741 2406 η
764 2324 828 2387 ὑπὸ
853 2327 982 2404 ΚΝΜ,
1005 2332 1045 2408 τῇ
1064 2319 1102 2386 δέ

91 2429 156 2493 ὑπὸ
183 2433 281 2493 ΓΕΑ
305 2437 358 2513 ίση
382 2430 401 2513 η
425 2431 489 2495 ὑπὸ
513 2434 588 2495 ΚΝ
591 2436 633 2513 0,
656 2428 711 2494 καὶ
729 2433 854 2494 κείσθω
877 2438 916 2513 τῇ
939 2435 971 2493 A
979 2433 1006 2492 Z
1030 2427 1102 2492 ἑκα-

92 2534 170 2621 τέρα
193 2547 260 2600 τῶν
284 2541 366 2619 ΟΝ,
385 2541 468 2601 ΜΝ
488 2543 556 2619 ίση,
582 2535 637 2601 καὶ
661 2538 717 2601 διδι
740 2533 799 2620 μὲν
822 2544 882 2599 τοῦ
906 2539 951 2599 Μ
967 2544 1006 2619 τῇ
1030 2539 1106 2599 ΚΝ

94 2647 147 2724 ἴση
175 2640 230 2706 καί
258 2642 467 2729 παράλληλος
493 2645 587 2727 ἤχθω
615 2643 635 2726 ἡ
659 2647 752 2725 ΜΠ,
784 2640 839 2706 καλ
867 2641 1050 2725 ἐπεζεύχθω
1079 2639 1100 2722 ἡ

92 2752 178 2812 HK·
211 2751 553 2835 παραλληλόγραμμον
584 2751 648 2835 ἄρα
677 2746 745 2813 ἐστὶ
772 2751 809 2813 τὸ
837 2754 916 2814 ΝΠ
943 2746 999 2812 καὶ
1027 2753 1101 2812 ἴσον

164 3018 188 3065 3.
208 3033 236 3073 -ς
254 3013 315 3100 χιε-χ
331 3011 361 3064 in
379 3029 432 3066 τετε,
452 3012 485 3066 V.
575 3018 600 3065 4.
625 3012 672 3082 δέ]
696 3011 733 3079 δή
750 3030 775 3065 v.
868 3017 891 3065 7.
915 3010 996 3083 πρός]
1016 3029 1100 3080 supra

93 3100 142 3136 scr.
162 3100 189 3151 p.
247 3104 349 3152 γωνιας
367 3101 393 3152 p.
459 3088 483 3137 8.
502 3081 571 3136 ἀλλοί
590 3114 623 3123 -
643 3088 666 3136 9.
687 3082 771 3153 ἐστιν]
792 3098 844 3135 om.
864 3101 890 3138 v.
955 3088 978 3136 9.
1000 3083 1055 3137 ἐστι
1073 3102 1100 3151 p.

128 3159 169 3208 10.
190 3152 263 3209 ἐστίν
282 3155 337 3209 Vv.
422 3160 462 3208 11.
485 3154 541 3208 ἐστι
559 3172 585 3223 p.
667 3155 724 3224 δεῖ]
745 3153 774 3206 in
792 3170 845 3207 τεο.
865 3154 899 3222 V,
924 3171 992 3208 corr.
1013 3171 1047 3207 ex
1065 3154 1101 3221 δή

90 3231 157 3278 m.2
177 3243 202 3279 v.
277 3232 317 3281 12.
339 3225 391 3297 ὅτι]
412 3243 505 3294 om.v‚
525 3226 562 3286 ὡς
580 3241 668 3292 comp.
687 3243 723 3278 m.
741 3231 765 3278 2.
839 3223 960 3279 ἐλάσσων
978 3225 1012 3295 V,
1032 3242 1099 3279 corr.

90 3314 126 3349 m.
145 3313 199 3350 rec.
283 3303 323 3350 13.
348 3298 407 3367 δεῖ]
432 3313 500 3349 corr.
520 3312 554 3350 ex
572 3295 608 3363 δή
626 3313 661 3349 m.
682 3302 697 3349 2
716 3313 742 3349 v.
826 3294 940 3350 ἔλασσον
959 3314 984 3350 τ.
1059 3302 1099 3349 14.

91 3364 164 3422 ἐστίν
183 3368 239 3421 Vv.
305 3373 346 3420 17.
367 3368 481 3422 ἔλασσον
500 3385 525 3422 v.
589 3363 661 3420 ἐστίν
679 3366 734 3420 Vv.
802 3372 841 3422 18.
861 3369 909 3438 τῶ]
929 3383 997 3422 corr.
1018 3383 1052 3421 ex
1069 3366 1100 3420 τό

90 3455 125 3491 m.
145 3446 160 3491 ‘2
180 3456 205 3492 v.
281 3443 321 3492 19.
341 3438 371 3492 τό
387 3439 459 3509 (pr.)]
480 3455 548 3492 corr.
569 3454 603 3491 ex
619 3442 657 3509 τῷ
675 3456 711 3490 m.
731 3444 747 3490 2
767 3456 792 3491 v.
856 3422 887 3491 τί
903 3439 999 3508 (tert.)]
1019 3443 1057 3511 τῷ
1075 3456 1100 3491 v.

121 3514 162 3561 22.
181 3506 251 3582 μέν]
270 3509 323 3564 del.
343 3527 379 3564 m.
400 3516 416 3564 2
435 3527 460 3567 v.
534 3515 577 3564 24.
598 3506 669 3562 ἐστίν
688 3509 745 3562 Vv.
