2334 3788
334 148 543 202 orricoauu
561 149 740 201 aucansro
760 150 928 203 rnuonrs.
1076 146 1140 211 155

131 292 219 356 aliud
242 292 362 376 minus,
385 293 443 357 ubi
465 292 607 358 minores
631 293 724 377 quasi
747 292 859 378 anguli
882 293 1013 376 quidam
1036 293 1143 357 radio-

131 421 204 464 rum
226 401 267 464 ad
291 400 420 465 oculum
443 401 597 464 existunt.

486 650 790 725 Definitionos

199 792 227 854 1.
262 789 502 877 Supponamus,
525 791 632 854 radios
656 813 695 855 ex
719 791 813 856 oculo
837 791 1013 854 secundum
1036 795 1142 854 rectas

129 897 231 962 lineas
255 897 333 961 ferri
355 896 442 961 inter
465 920 499 962 se
523 897 690 962 distantes.

196 1023 225 1085 2.
259 1026 292 1085 et
319 1021 458 1107 figuram
485 1021 583 1086 radiis
617 1023 884 1105 comprehensam
912 1043 1030 1086 conum
1062 1043 1142 1106 esse,

130 1127 187 1212 qui
214 1128 371 1193 uerticem
399 1130 439 1192 ad
467 1129 609 1213 oculum,
641 1129 747 1193 basim
776 1135 884 1193 autern
912 1129 953 1192 ad
985 1128 1141 1193 terminos

129 1233 277 1298 uisorum
299 1233 427 1298 habeat.

197 1358 226 1421 3.
259 1362 292 1420 et
315 1379 353 1422 ea
377 1358 477 1441 cerni,
504 1359 545 1422 ad
569 1380 650 1441 quae
673 1358 755 1422 radii
779 1358 942 1445 adcidant,
964 1381 1031 1424 non
1054 1359 1141 1424 cerni

129 1468 251 1547 autem,
275 1464 315 1527 ad
338 1485 420 1546 quae
442 1464 525 1528 radii
547 1486 614 1528 non
638 1464 797 1529 adcidant.

195 1589 224 1650 4.
258 1592 291 1652 et
315 1608 361 1671 ea,
385 1609 506 1671 quasa
524 1588 645 1654 maiore
670 1589 790 1675 angulo
814 1593 995 1675 cernantur,
1019 1590 1143 1655 maiora

129 1694 291 1777 adparere,
307 1694 433 1758 minora
448 1699 566 1777 autem,
583 1717 665 1779 quae
679 1718 699 1759 a
712 1696 847 1782 minore,
861 1696 1009 1781 aequalia
1024 1701 1142 1782 autem,

129 1822 211 1884 quae
234 1801 275 1864 ab
300 1801 489 1886 aequalibus
513 1802 641 1886 angulis
665 1807 848 1867 cernantur.

195 1925 224 1990 5.
254 1930 286 1989 et
305 1948 351 2012 ea,
375 1947 455 2009 quae
475 1925 719 1991 sublimioribus
740 1927 839 1990 radiis
864 1933 1046 2013 cernantur,
1069 1929 1142 1992 sub·

127 2031 257 2096 limiora
291 2033 458 2118 adparere,
495 2054 575 2116 quae
608 2036 715 2096 autem
742 2030 768 2121 {a
796 2033 1054 2119 demissioribus,
1090 2035 1142 2098 de·

129 2137 288 2202 missiora.

195 2263 224 2326 6.
257 2267 290 2326 et
308 2263 459 2328 similiter
477 2286 523 2349 ea,
547 2285 628 2346 quae
652 2287 672 2328 a
695 2263 931 2329 dexterioribus
955 2264 1052 2329 radiis
1076 2286 1141 2330 cer-

128 2373 257 2454 nantur,
280 2368 463 2433 dexteriora
485 2370 648 2455 adparere,
676 2392 758 2454 quae
782 2375 892 2435 autern
915 2393 934 2435 a
953 2371 1142 2436 sinistriori-

127 2474 202 2558 bus,
227 2474 420 2539 sinistriore„

196 2602 224 2664 7.
255 2622 293 2664 ea
316 2604 438 2685 autem,
461 2622 542 2685 quae
566 2622 585 2663 a
606 2569 754 2685 pluribus
774 2601 901 2686 angulis
910 2599 934 2687 ¹)
959 2607 1140 2688 cernantur,

129 2705 248 2771 clarius
273 2706 436 2791 adparere.

203 3008 228 3074 1)
247 3004 462 3073 Exspectaueris
481 3005 583 3075 ὄψεων.
680 3067 685 3078 ,

129 3305 186 3356 seq.
206 3287 237 3342 ut
254 3283 364 3357 durr90'3
392 3285 582 3356 προσπίπτωσι
605 3306 631 3357 p.
722 3287 930 3358 προσπίπτωσιν
944 3288 1031 3416 (altbp
1055 3304 1141 3357 προσ-

128 3357 207 3414 πίσιν
226 3378 252 3428 v,
272 3375 340 3413 corr.
360 3375 395 3446 m,
416 3364 440 3412 2.
519 3364 560 3412 14.
580 3357 699 3486 dmm)
718 3359 789 3451 o'p.
864 3365 904 3415 19.
925 3357 1129 3451 detrorum-av

128 3431 447 3557 1Ρθὲο,νὀιρισσερστερων
469 3430 503 3484 V.
593 3436 636 3484 22.
660 3433 708 3503 d]
732 3435 750 3486 ὃ
780 3451 812 3501 p;
840 3431 889 3487 not
909 3430 948 3486 ἔτι
970 3451 1005 3486 τοι
1023 3429 1079 3489 ὑπό
1101 3444 1129 3529 ¹}
