2334 3788
426 143 596 196 EUCLIDIS
616 143 754 198 ΟΡΉΟΔ.

561 338 626 405 λα’.

158 468 224 528 Τοῦ
248 462 285 529 δὲ
308 467 452 549 ὄμματος
474 467 586 547 ἔγγιον
608 464 763 542 τεθέντος
786 464 823 530 έν
844 474 890 553 τῷ
914 464 1003 551 αὐτῷ
1028 463 1099 529 ἐπι-

86 570 186 659 πέδῳ,
205 570 241 636 έν
260 565 287 659 ᾧ
305 570 396 636 ἐστιν
414 571 434 653 ἡ
449 571 546 655 βώσις
558 580 618 636 τοῦ
632 572 754 656 κώνου,
772 574 908 637 ἔλαττον
925 567 987 656 μὲν
1005 573 1100 636 ἔσται

87 679 124 742 τὸ
147 676 212 742 ὑπὸ
240 688 307 742 τῶν
334 679 444 756 ὄψεων
471 676 837 762 ἐμπεριλαμβανόμενον
863 675 975 764 μέρος,
1009 674 1099 754 δόξει

52 782 124 849 ὅδὲ
146 787 256 869 μεῖζον
279 783 432 868 ὁρᾶσθαι.

154 893 236 956 ἔστω
259 901 380 975 κῶνος,
408 886 449 955 οὗ
472 890 568 973 βάσις
590 886 651 975 μὲν
674 890 691 956 ὁ
715 895 780 955 ΑΒ
803 891 938 974 κύκλος,
964 889 1098 975 κορυφὴ

87 993 124 1061 δέ
145 998 183 1062 τὸ
203 1000 236 1062 Γ
253 1007 398 1080 σημεῖον,
421 998 509 1080 ὄμμα
533 992 569 1061 δὲ
592 999 674 1062 ἔστω
693 998 731 1061 τὸ
749 1003 792 1081 Δ,
814 995 870 1061 καὶ
888 997 1039 1079 είλήφθω
1059 995 1097 1060 τὸ

86 1101 226 1187 κέντρον
252 1111 312 1167 τοῦ
339 1103 464 1167 κύκλου
492 1103 529 1167 τὸ
558 1106 602 1185 Λ,
634 1101 690 1167 καλ
718 1101 901 1186 ἐπεζεύχθω
933 1101 1050 1167 εὐθεῖα
1077 1101 1098 1186 ἡ

86 1214 167 1294 ΔΛ,
187 1207 242 1274 καὶ
255 1225 373 1296 προσ·Ἰ
1151 1199 1154 1203 ¹

35 1332 68 1381 10
118 1315 325 1381 πιπτέτωσαν

86 1421 216 1498 ἀκτῖνες
232 1424 269 1487 οιί
280 1428 356 1506 ΔΑ,

86 1533 168 1613 ΔΒ,
200 1528 256 1593 καλ
285 1529 356 1594 ἐπε-

87 1635 354 1721 ζεύχθωσαν[αί]
397 1595 436 1653 Δ

108 1741 248 1828 πλευραὶ
272 1751 333 1807 τοῦ

35 1863 67 1911 15
86 1849 197 1914 κώνου
223 1851 260 1914 αί
280 1855 312 1913 Α
318 1853 355 1932 Γ,

88 1958 164 2020 ΓΒ.
232 1957 355 2021 οὐκοῦν

86 2061 152 2126 ὑπὸ
176 2071 235 2126 τοῦ
257 2068 290 2126 Δ
313 2064 456 2147 ὄμματος
478 2061 534 2127 καὶ
556 2075 623 2129 τῶν
646 2069 723 2145 ΔΑ,
741 2067 807 2127 ΔΒ
835 2065 945 2140 ὄψεων
968 2062 1133 2149 ἐμπερι-’Ν

87 2168 287 2251 λαμβάνεται
322 2170 360 2232 τὸ
392 2172 506 2233 ΑΒΓ
537 2167 634 2255 μέρος
666 2178 725 2233 τοῦ
757 2170 884 2253 κώνου,
920 2171 978 2234 καί
1007 2169 1099 2234 ἐστιν

87 2277 224 2340 ἔλαττον
251 2275 443 2358 ἡμικωνίου.
498 2279 701 2359 μετακείσθω
735 2275 776 2358 δὴ
803 2276 841 2340 τὸ
870 2277 958 2360 ὄμμα
985 2278 1099 2358 ἔγγιον

34 2393 69 2443 20
86 2379 142 2444 καὶ
156 2384 237 2445 έστω
252 2382 289 2445 τὸ
304 2385 343 2464 Ε,
361 2379 416 2445 καὶ
429 2379 722 2462 προσπιπτέτωσαν
737 2381 865 2458 ἀκτῖνες
878 2384 916 2446 αί
927 2386 1002 2464 ΕΖ,
1016 2385 1096 2465 ΕΗ,

89 2484 145 2550 καὶ
169 2485 417 2570 ἐπεζεύχθωσαν
440 2488 477 2551 αι’
496 2486 635 2572 πλευραὶ
658 2488 695 2551 αί
713 2491 782 2571 ΖΓ,
803 2492 878 2552 ΓΗ.
914 2487 1016 2552 πάλιν
1035 2483 1098 2553 οὖν

89 2592 404 2678 ἐμπεριλαμβάνεται
422 2593 488 2658 ὑπὸ
506 2602 567 2658 τοῦ
581 2598 613 2657 Ε
629 2595 771 2678 ὄμματος
790 2593 925 2658 καὶτῶν
939 2598 1013 2677 ΕΖ,
1027 2596 1103 2658 ΕΗ

88 2701 198 2776 ὄψεων
220 2701 256 2765 τὸ
282 2703 387 2764 ΖΓΗ
410 2698 509 2784 μέρος
534 2709 594 2763 τοῦ
616 2701 736 2764 κώνου.
783 2703 851 2765 ἔστι
874 2696 910 2765 δὲ
932 2701 970 2764 τὸ
996 2702 1101 2765 ΖΓΗ

87 2814 147 2870 τοῦ
166 2810 271 2871 ΑΒΓ
289 2810 443 2871 ἔλασσον·
467 2808 560 2871 δοκεῖ
580 2802 617 2870 δέ
640 2809 749 2889 μεῖζον
768 2809 959 2889 φαίνεσθαι,
984 2804 1097 2889 ἐπειδὴ

34 2924 68 2974 25
87 2916 204 2997 μείζων
224 2911 314 2978 ἐστὶν
332 2914 351 2997 ἡ
370 2914 435 2978 ὑπὸ
451 2916 557 2977 ΖΕΗ
572 2915 676 2995 γωνία
693 2922 751 2996 τῆς
766 2912 831 2977 ὑπὸ
846 2917 912 2975 ΑΔ
917 2917 945 2976 Β
963 2915 1097 2994 γωνίας.

154 3021 301 3107 φανερὸν
324 3018 375 3102 δέ,
403 3021 454 3084 ὄτι
480 3017 536 3084 καὶ
564 3017 616 3083 ἐπὶ
642 3020 752 3084 κώνου
774 3018 840 3084 ὑπὸ
863 3029 930 3083 τῶν
953 3019 1015 3082 δύο
1039 3017 1097 3103 ὀμ-

86 3126 199 3210 μώτων
226 3124 396 3210 ὁρωμένου
424 3128 625 3209 συμβήσεται
647 3126 688 3189 τὰ
713 3122 765 3189 ἐπὶ
788 3134 846 3207 τῆς
873 3126 1017 3210 σφαίρας
1040 3122 1096 3189 καλ

87 3241 147 3296 τοῦ
169 3234 351 3318 κυλίνδρου
373 3242 441 3296 τῶν
464 3232 585 3316 ὁμοίως
608 3229 785 3317 ὁρωμένων
808 3234 1044 3315 συμβαίνοντα.

158 3432 181 3480 1.
205 3426 265 3496 λα’]
288 3425 330 3479 λε’
349 3424 382 3494 V,
408 3424 452 3494 λγ’
471 3425 567 3478 νεών.
658 3429 682 3476 2.
709 3421 752 3494 δέ]
777 3439 829 3476 om.
849 3422 907 3491 Bv,
932 3441 968 3476 m.
989 3427 1005 3474 2
1029 3421 1095 3476 vat.

119 3496 227 3567 ἔγγιον]
246 3513 314 3552 σοιν,
335 3511 369 3550 ex
389 3494 496 3567 ἔγγειον
514 3495 547 3566 V,
566 3497 599 3549 ut
616 3493 665 3548 lin.
686 3499 726 3548 19.
807 3490 951 3565 τεθέντος]
970 3490 1098 3547 τέθειται
