2334 3788
94 123 161 189 264
526 125 682 178 εοΗοιεΑ

466 302 518 367 Ad
540 325 631 388 prop.
654 301 740 366 XIX.

162 429 214 494 33.
246 426 317 493 Ἐπὶ
344 429 381 492 τὸ
406 433 434 492 Β
462 425 563 513 πέρας
588 451 618 512 p.
640 428 717 512 176,
743 427 798 510 16]
827 423 1114 511 μετακινουμένου

97 536 252 618 δηλονότι
275 533 295 617 δ]
319 544 378 600 τοῦ
398 534 559 620 ἐνόπτρου
582 533 682 617 ἢτοῦ
701 533 858 619 ὁρῶντος·
882 533 1007 618 οὐγὰρ
1029 533 1114 597 κατδι

96 642 232 726 πρώτην
255 643 357 724 τυχὸν
380 641 538 725 ἐπιβολὴν
560 649 617 724 τῆς
640 639 748 718 ὅψεως
769 638 841 705 κατ’
862 643 1009 724 ἔμφασιν
1035 639 1114 725 ὁρα-

62 749 236 829 5θη’σεται
268 748 357 832 παρὰ
389 757 446 832 τῆς
474 746 581 825 ὅψεως
608 746 643 811 ἐν
670 755 716 835 τῳ
740 748 910 834 κατόπτρῳ
938 747 976 810 τὸ
1006 747 1114 831 ἄκρον

97 863 156 918 τοῦ
179 854 295 931 ὕψους.

165 980 216 1042 34.
251 977 366 1053 Οὸτως
389 979 451 1063 γὰρ
477 976 642 1062 ἐνορῶμεν
665 985 710 1065 τῳ
734 975 896 1063 ἐσόπτρῳ,
921 974 984 1051 ἐως
1008 971 1053 1041 οὗ
1076 977 1112 1040 τὸ

99 1087 202 1169 ἄκρον
226 1083 262 1149 ἐν
285 1083 374 1171 αὐτῷ
398 1092 458 1148 τοῦ
482 1081 643 1158 δοθέντος
665 1080 828 1166 μεγέθους
851 1082 982 1165 ἴδωμεν.

165 1209 215 1273 35.
249 1207 304 1272 Ἐν
331 1220 400 1284 τοῖς
423 1211 663 1293 Κατοπτρικοίς
689 1231 720 1290 p.
745 1207 822 1290 176,
847 1205 903 1290 18]
931 1205 1017 1290 φησὶ
1047 1208 1110 1293 γὰρ

47 1331 79 1378 10
99 1315 201 1380 ἐκεῖσε
215 1315 232 1380 δ
247 1314 430 1397 Εὐκλείδης
444 1314 561 1390 οὸτως·
586 1313 649 1377 ιἰπὸ
668 1323 735 1378 τῶν
755 1311 917 1377 ἐπιπέδων
936 1313 1111 1399 ἐνόπτρων

97 1418 153 1485 καὶ
176 1431 306 1505 κυρτῶν
328 1417 384 1484 καὶ
402 1423 523 1484 κοίλων
542 1421 579 1484 αί
595 1417 689 1497 ὅψεις
712 1418 748 1484 ἐν
769 1424 854 1494 ίσαις
872 1421 1011 1500 γωνίαις
1032 1418 1110 1484 νἰνα-

98 1532 250 1591 κλῶνται.

166 1633 296 1717 ἁρμόζει
328 1629 365 1696 δέ
392 1621 568 1720 αὐτῷκαὶ
595 1633 631 1696 τὸ
660 1631 789 1707 ἐντοῖς
816 1631 906 1716 ὅροις
929 1641 997 1694 τῶν
1023 1635 1112 1696 Κατ-

99 1750 264 1825 οπτρικῶν
296 1736 481 1824 εἰρημένον·
515 1737 676 1823 ἐνόπτρου
709 1735 864 1812 τεθέντος
896 1735 931 1800 ἐν
965 1735 1111 1825 ἐπιπέδῳ

47 1865 80 1912 15
98 1843 154 1910 καὶ
176 1847 215 1909 τὰ
239 1843 318 1928 ἑξῆς.

470 1932 522 1996 Ad
544 1955 634 2016 prop.
658 1931 742 1996 XXI.

167 2061 218 2123 36.
253 2056 437 2143 Ἐναρμόζω
465 2058 527 2141 γὰρ
561 2056 597 2121 ἐν
624 2066 669 2144 τῳ
697 2055 784 2143 μέσῳ
818 2057 1016 2138 διαστήματι
1046 2069 1114 2122 τῶν

101 2163 243 2229 ἀκτίνων
262 2163 402 2248 μέγεθος
421 2161 472 2228 ἀεὶ
491 2162 687 2248 ἐναρμόζων,
706 2162 767 2239 ἕως
782 2158 821 2228 οὗ
840 2163 896 2226 διὰ
914 2174 983 2227 τῶν
998 2165 1116 2250 όίκρων

101 2271 204 2335 αὐτοῦ
228 2271 288 2334 ίδω
313 2272 353 2335 τὰ
376 2273 459 2355 ἄκρα
482 2279 542 2334 τοῦ
566 2268 725 2345 δοθέντος
748 2268 918 2353 μεγέθους.

45 2467 80 2515 20
461 2445 513 2510 Ad
535 2469 624 2530 prop.
648 2445 750 2510 XXII.

167 2572 217 2636 37.
253 2572 340 2637 Οὐδὲ
362 2573 425 2657 γὰρ
455 2572 520 2654 ἅμα
543 2568 654 2671 βλέπει
677 2571 770 2653 ὅλον,
803 2570 859 2633 ἵνα
886 2573 1116 2654 συναίσθηται

101 2681 145 2756 ὡς
167 2687 366 2765 περιφεροῦς
388 2686 448 2741 τοῦ
472 2674 650 2760 δρωμένου.

172 2914 213 2962 33.
232 2907 297 2960 Vat.
316 2924 352 2959 m.
372 2911 397 2974 2,
416 2923 456 2959 rs,
543 2911 584 2958 34.
603 2904 913 2972 VVat.RFp(qrstu).
1001 2909 1046 2959 35.
1066 2906 1114 2959 V².

136 2985 177 3032 36.
197 2978 351 3046 VVatpr(
379 2980 396 3046 ).
474 2981 516 3030 37.
535 2976 599 3044 RF,
618 2976 683 3029 Vat.
698 2993 733 3028 m.
750 2981 778 3044 2,
798 2976 863 3043 ομ).

172 3197 196 3246 5.
215 3187 304 3261 παροί]
324 3186 388 3256 περί
406 3206 428 3244 r.
500 3188 530 3241 τὸ
550 3187 649 3258 ἄκρον]
670 3204 695 3255 r,
722 3203 774 3240 om.
794 3187 885 3241 Vm.
960 3191 984 3238 6.
1004 3184 1100 3256 ὅψους

102 3263 193 3334 ὅψεως
211 3280 232 3315 r.
293 3268 315 3316 7.
336 3259 445 3331 σχόλιον
465 3259 528 3312 add.
548 3277 574 3326 p.
635 3255 732 3329 οὸτως]
753 3255 824 3311 οὸτω
842 3257 916 3326 ptR.
974 3255 1100 3331 ἐσόπτρῳ

100 3333 245 3406 κατόπτρῳ
263 3350 290 3400 p.
363 3337 387 3384 8.
407 3331 449 3400 ἐν]
470 3346 537 3383 corr.
558 3346 591 3382 ex
610 3328 623 3381 ἐ
641 3347 676 3382 m.
697 3336 712 3381 2
732 3329 764 3383 V.
827 3328 943 3396 εἴδωμεν
963 3328 996 3382 V.
1071 3333 1112 3383 18.

101 3403 161 3476 ἀεί]
181 3421 233 3458 om.
253 3403 344 3457 Vat.r.
400 3399 569 3471 ἐναρμόζων]
590 3417 643 3453 om.
657 3419 679 3468 r,
698 3400 750 3453 lac.
766 3400 873 3454 relicta.
930 3404 971 3453 19.
993 3397 1061 3455 είδω
1078 3400 1112 3455 V.

136 3481 177 3530 21.
199 3472 279 3545 ὅλον]
295 3474 332 3536 ὡς
350 3472 380 3542 F,
400 3472 528 3526 om.Vat.
588 3477 629 3525 22.
649 3473 829 3543 περιφεροῦς]
849 3467 1030 3539 περιφερείας
1046 3471 1112 3525 vat.
1148 3478 1155 3499 ²
