2334 3788
432 129 602 180 nuomms
621 130 758 183 ornei.
1057 126 1100 192 93

92 271 308 357 coniungatur
327 294 376 358 oe,
390 273 436 358 eb,
454 275 510 358 od,
524 273 576 359 eu,
594 276 626 337 et
645 273 846 337 describatur
865 273 950 337 eirea
963 273 1026 338 uel)
1044 272 1101 336 tri-

92 400 214 464 gonum
234 379 334 444 sectio
353 380 425 465 oeb,
446 379 614 464 iaoeatque
634 380 663 443 ei
687 380 742 464 qui
761 379 821 444 sub
841 380 896 464 pel,
915 379 959 444 66
981 379 1099 464 angulo

91 486 234 570 aequalis
253 485 390 572 angulus
411 486 467 571 qui
484 486 545 551 sub
561 509 618 571 po,
631 506 683 572 or,
701 491 734 551 et
752 486 968 571 coniungatur
987 485 1033 550 ba.
1065 485 1100 548 in

91 592 212 657 oiroulo
228 614 306 678 ergo
321 597 397 657 sunt
411 593 438 678 6,
452 615 485 678 o,
498 614 529 679 a,
543 594 564 658 d
580 597 708 678 puncta.
738 592 890 678 quoniam
904 613 982 678 ergo
996 592 1100 656 maior

93 700 232 786 angulus
251 702 313 765 oeb
337 700 457 785 angulo
476 700 550 785 oab,
572 700 709 784 angulus
732 722 810 764 uero
829 698 893 764 aab
917 699 947 763 ei
966 699 1021 784 qui
1040 699 1100 763 sub
1137 712 1153 761 6

92 808 151 892 ed,
169 807 212 871 66
236 807 391 892 aequalis,
419 806 572 890 quoniam
594 807 630 870 in
652 806 763 871 eadem
786 807 928 871 sectione
953 811 1042 891 sunt,
1067 810 1100 870 et

92 914 230 999 angulus
258 935 336 999 ergo
363 913 426 978 ael>
459 913 579 999 angulo
606 913 674 978 aab
705 913 810 977 maior
841 917 900 976 est.
955 913 1011 977 sed
1039 913 1099 976 sub

92 1020 212 1106 angulo
242 1020 371 1103 quidem
398 1021 465 1085 odb
493 1019 622 1084 uidetur
648 1019 691 1083 ob
720 1020 812 1084 oeulo
841 1041 937 1102 super
964 1021 986 1083 d
1016 1023 1099 1104 ente,

91 1126 151 1190 sub
175 1127 296 1212 angulo
319 1149 397 1191 uero
421 1128 486 1192 oet
512 1126 598 1191 idem
621 1127 664 1190 ob
692 1125 820 1190 uidetur
843 1126 936 1190 ooulo
965 1148 1099 1210 supere

91 1233 259 1298 existente.
316 1235 485 1318 inaequale
518 1254 595 1319 ergo
628 1233 735 1298 uisum
767 1236 900 1317 apparet
932 1253 1027 1317 super
1058 1234 1101 1297 ed
1118 1246 1152 1294 10

89 1343 213 1404 rectam
236 1341 329 1404 ooulo
351 1338 560 1425 transposito,
603 1338 811 1403 manifestum
834 1360 922 1424 uero,
945 1338 1098 1422 quoniam

63 1449 68 1463 '
91 1449 124 1510 et
147 1468 274 1531 semper
297 1468 393 1530 super
414 1466 454 1528 ep
476 1446 675 1530 transposito
699 1446 793 1510 oeulo
811 1445 989 1530 inaequale,
1013 1445 1098 1530 quod

89 1551 228 1637 uidetur,
247 1556 389 1637 apparet,
408 1556 440 1616 et
455 1553 633 1617 maximum
647 1552 775 1635 quidem
783 1574 871 1635 ,quae
886 1552 926 1616 ad
941 1553 1098 1635 tpositio-

89 1680 173 1743 nem,
191 1659 295 1723 maius
315 1680 392 1723 uero
412 1658 452 1722 ad
471 1658 500 1723 ei
519 1658 782 1743 propinquiorem
799 1659 835 1722 in
847 1659 1002 1724 utralibet
1019 1681 1096 1745 ergo

90 1767 140 1850 ed,
158 1787 197 1848 ep
219 1770 390 1851 rectarum,
413 1765 546 1849 aequale
570 1769 678 1829 autem
702 1787 783 1849 quae
807 1766 903 1829 adea
923 1786 1003 1847 quae
1023 1767 1063 1830 ad
1080 1787 1098 1832 a
1117 1778 1149 1827 16

88 1875 121 1935 et
145 1894 226 1956 quae
250 1872 335 1936 add
360 1877 393 1936 et
420 1894 562 1957 eaquae
586 1871 735 1936 similiter
760 1871 790 1935 ei
813 1875 943 1955 sumpta
964 1876 1097 1955 propter

88 1979 123 2041 in
147 1979 258 2043 eadem
281 1978 423 2044 sectione
447 2001 516 2043 esse
540 1978 684 2063 angulos.

152 2191 234 2256 Esto
259 2193 358 2278 enim,
387 2193 473 2276 quod
496 2192 639 2277 uidetur,
661 2192 719 2277 66,
746 2196 834 2256 reeta
856 2213 934 2256 uero
958 2191 1095 2275 696011-

86 2298 194 2364 oidens
218 2298 247 2363 ei
271 2320 352 2383 quae
376 2303 425 2363 est
448 2299 495 2363 led
516 2300 659 2363 eductae.
696 2302 728 2363 et
752 2302 899 2362 sumatur
921 2303 1027 2364 reatae
1047 2302 1096 2382 qd

85 2410 118 2470 et
140 2410 246 2470 rectae
266 2405 312 2489 ple
334 2404 439 2469 media
456 2404 709 2490 proportionalis
730 2425 781 2488 pa,
805 2409 837 2469 et
857 2406 1094 2490 coniungantur
1112 2415 1146 2464 20

84 2512 126 2578 alt
148 2517 181 2576 et
204 2514 270 2596 ecl,v
287 2517 319 2576 et
342 2513 427 2577 eirea
449 2533 527 2576 uero
550 2512 598 2576 td
618 2512 726 2596 portio
749 2511 950 2576 describatur
974 2513 1095 2599 oirouli,

156 2766 180 2815 3.
207 2759 412 2827 coniungantur
430 2759 468 2813 D.
560 2763 600 2813 12
624 2757 785 2829 inaequale]
809 2774 876 2813 corr
895 2775 946 2830 my.
966 2766 1037 2814 nal
1061 2778 1095 2816 ere

85 2831 203 2900 aequale
222 2832 260 2886 D
347 2835 388 2884 13.
408 2828 523 2896 quidam
541 2829 580 2883 D
662 2834 702 2883 16.
728 2831 757 2883 et
770 2829 848 2900 (pr.)]
873 2837 1093 2900 eapostros.1

84 2906 136 2959 litt
156 2904 193 2957 D.
277 2907 318 2955 21.
337 2899 442 2971 portio]
461 2917 528 2956 corr.
548 2917 582 2955 ero
599 2898 743 2968 proportio
762 2901 800 2955 D

86 3150 152 3188 eorr.
172 3152 208 3187 m
228 3136 380 3186 211,
400 3139 449 3184 τοῦ
464 3130 523 3199 (alt
525 3132 547 3201 )]
566 3129 597 3184 τό
616 3148 651 3185 m.
725 3130 840 3187 ἄνισσον
859 3151 884 3186 v.
972 3139 1013 3187 12
1032 3133 1092 3204 τῆς]

84 3213 146 3274 τοῦ,
171 3220 284 3272 oeras.
308 3221 332 3257 v.
424 3207 465 3255 14.
490 3201 605 3257 torosos
623 3219 648 3255 v.
740 3208 782 3256 15
805 3204 853 3295 τῶ]
877 3220 944 3258 eorr.
964 3219 998 3257 ex
1016 3203 1047 3258 τό
1065 3223 1091 3260 v.

121 3249 162 3330 16.
183 3275 382 3344 ὃποτερασοῦν]
402 3291 464 3327 --ασ
482 3271 580 3327 inras.
594 3273 627 3327 V.
684 3279 725 3327 17.
745 3275 782 3345 Δ]
801 3257 836 3328 tol
853 3281 880 3330 Δ
897 3275 993 3330 νεὼν
1049 3279 1090 3330 16.

85 3348 201 3472 orttoteqr
210 3348 296 3401 αὐτοῦ
315 3364 340 3400 v,
424 3349 466 3398 20.
486 3343 583 3432 ἄλλως]
603 3360 657 3398 om.
675 3344 798 3400 Vat1m.
885 3350 927 3400 21
947 3346 993 3417 ν’β
1008 3345 1091 3415 V‚'
1061 3367 1078 3402 ν

85 3423 155 3472 1112
201 3420 239 3472 at.
330 3421 372 3471 23,
399 3420 455 3469 ΓΚ
471 3412 537 3484 μέση
557 3414 650 3488 deu]
642 3433 673 3468 m
690 3431 744 3470 ras.
763 3435 789 3471 v.
880 3416 1092 3489 ἐπεζεύχθωσαν

84 3488 148 3545 Vat.
163 3491 242 3559 (eorr.
257 3507 292 3543 m.
308 3491 343 3558 2),
363 3505 388 3541 u.
461 3492 503 3541 24.
522 3485 584 3558 τήν]
603 3494 652 3557 τῆς
670 3504 695 3540 v,
