2334 3788
465 177 697 230 CATOPPRIGA.

552 393 602 456 30.

139 533 167 596 Ε
188 533 328 617 speculis
348 532 499 599 concauis
518 533 672 598 aduersus
692 533 795 598 solem
814 533 979 597 conuersis
997 532 1084 618 ignis

70 639 268 704 adcenditur.

138 764 182 828 sit
205 768 310 828 ΑΒΓ
332 764 499 848 speculum
522 786 714 849 concauum,
741 767 805 828 ΕΖ
828 767 938 827 autem
962 762 1024 847 sol,
1053 766 1086 827 et

70 876 220 937 centrum
240 870 358 954 speculi
378 876 415 956 Θ,
433 875 466 936 εὴ
486 894 505 934 a
522 875 644 955 puncto
664 871 773 955 aliquo
787 875 820 933 Δ
838 870 879 933 ad
893 873 1040 934 centrum
1056 872 1085 933 Θ

550 978 647 1042 ducta
670 982 739 1042 ΔΘ
763 977 803 1040 ad
825 981 854 1040 Β
877 976 1086 1061 producatur,

550 1084 678 1149 adeidat
702 1087 811 1148 autem
830 1086 902 1147 ΔΓ
920 1082 1028 1146 radius
1052 1085 1086 1145 et

549 1191 591 1255 ad
604 1194 639 1255 K
652 1190 858 1274 refringatur.
888 1189 1086 1276 refringetur

548 1297 652 1383 igitur
671 1319 769 1380 supra
784 1300 930 1360 centrum
947 1301 990 1383 &3
1008 1317 1086 1360 nam

550 1409 625 1480 LII
643 1405 683 1467 ad
704 1403 864 1467 ambitum
881 1402 1009 1487 positus
1029 1401 1087 1466 mi·

550 1533 611 1575 nor
648 1514 698 1574 est
729 1509 855 1592 reliquo
887 1508 1008 1596 angulo
1045 1507 1087 1572 ad

551 1616 1085 1701 ambitumposit0‚scilieetBFA.

551 1726 584 1787 et
617 1722 660 1786 sit
693 1745 786 1787 arcus
814 1727 881 1787 AB
909 1722 996 1787 arcui
1023 1722 1092 1785 ΒΓ

551 1828 705 1914 aequalis,
727 1832 760 1892 et
781 1850 800 1892 a
818 1834 851 1893 A
875 1828 957 1892 alius
975 1826 1086 1892 radius

552 1935 680 2000 adeidat
696 1940 769 1998 ΔΑ.
807 1933 1016 1999 manifestum
1034 1936 1086 1998 est

551 2042 663 2127 igitur,
681 2041 808 2106 radium
822 2046 892 2106 ΑΛ
908 2040 1086 2105 refraetum

74 2148 114 2212 ad
137 2151 172 2210 K
193 2148 319 2232 cadere,
350 2147 427 2231 quia
450 2170 543 2212 arcus
567 2152 634 2212 AB
657 2147 746 2212 arcui
770 2150 837 2212 ΒΓ
859 2146 1003 2232 aequalis
1026 2149 1085 2211 est,

71 2254 185 2317 eodem
208 2254 304 2317 modo
329 2254 638 2340 demonstrabimus,
668 2276 778 2319 omnes
806 2253 914 2319 radios
941 2276 962 2318 a
983 2259 1018 2319 Δ
1044 2251 1086 2315 ad

71 2360 238 2443 speculum
262 2360 446 2425 adsidentes
470 2365 503 2425 et
523 2361 672 2444 aequales
692 2383 785 2426 araus
804 2360 1029 2427 abscindentes
1051 2358 1086 2423 in

71 2467 184 2531 eodem
198 2471 320 2552 puncto
336 2489 434 2551 supra
450 2470 480 2531 Θ
491 2467 602 2551 posito
617 2489 690 2533 aum
704 2472 793 2532 reeta
807 2471 872 2533 ΒΘ
885 2486 1084 2532 concurrere.

137 2613 249 2655 rursus
279 2593 384 2655 ΑΒΓ
408 2591 576 2676 speculum
604 2612 782 2657 concauam
809 2592 868 2675 sit,
899 2590 948 2655 sul
977 2592 1085 2653 autem

70 2701 186 2781 ΔΕΖ,
219 2702 252 2761 et
280 2720 299 2761 a
325 2702 448 2781 puncto
476 2698 585 2783 aliquo
614 2703 645 2763 E
674 2719 732 2782 per
755 2702 786 2763 Θ
812 2702 958 2764 centrum
988 2695 1082 2756 dueta

72 2801 116 2865 sit
139 2806 253 2881 ΕΘΒ,
287 2802 327 2865 ab
358 2803 431 2867 aliis
459 2808 568 2866 autem
596 2806 690 2887 A,Z
721 2807 828 2867 rectae
850 2803 959 2879 ΛΜ)
979 2800 1084 2861 ΖΘΑ.

72 2911 168 2971 antea
190 2907 294 2992 igitur
318 2908 624 2992 demonstrauimus,
646 2908 753 2973 radios
776 2910 817 2973 ab
837 2912 869 2971 Ir'
889 2908 1003 2967 «luetur
1024 2918 1085 2980 par

71 3036 106 3079 se
133 3013 223 3096 ipsus
252 3013 402 3099 refringi,
434 3013 511 3098 quia
536 3019 611 3090 LII
621 3044 662 3067 a
677 3018 708 3078 P
729 3013 834 3099 [prou
854 3010 902 3089 tl:
935 3005 1086 3068 dmum

830 3186 833 3190 .
844 3180 948 3191 *-

70 3312 169 3381 λγ’ω.
260 3316 303 3366 21.
323 3310 413 3366 ἄλλων
445 3327 623 3366 wacon.
643 3330 667 3361 r,
746 3304 804 3371 aaz,
825 3317 873 3350 ffl-
895 3314 927 3349 m.
1018 3308 1077 3355 ἣν

70 3383 101 3437 πό
124 3383 158 3438 V.
249 3381 295 3453 αἱ]
323 3379 372 3437 καί
422 3426 428 3437 ,
528 3388 573 3437 22.
600 3378 803 3445 meduane
831 3386 848 3417 τ
959 3372 1005 3421 ss.
1027 3344 1093 3447 &j

71 3451 117 3523 ἐφ’
135 3455 172 3509 Μ.
262 3452 329 3525 τάς]
356 3474 385 3517 -ς
402 3469 419 3508 e
439 3469 510 3508 corr,
529 3453 571 3521 V,
596 3462 645 3521 ‘sti
672 3451 696 3503 Μ
792 3444 833 3489 2*
867 3438 1112 3544 ΝΜ,

71 3525 154 3597 εἰσιν]
173 3542 226 3579 om.
244 3543 280 3580 m.
