2334 3788
71 147 135 212 172
280 148 490 201 OPPICORUM
507 149 685 202 εεοεαεῐο
703 148 870 201 ΤΗΕοαῐε.

137 295 219 359 ἔστω
252 301 307 359 ἴσα
329 292 455 378 μεγέθη
478 294 518 357 τά
541 297 626 378 ΚΝ,
650 297 681 357 Λ
688 297 730 377 Ζ,
755 295 815 356 ΓΔ
842 294 911 357 ἀνω
940 302 999 358 τοῦ
1023 295 1082 378 όμ-

70 424 171 486 ματος
206 405 339 486 κείμενα
374 411 434 466 τοῦ
470 406 514 486 Β,
554 401 610 468 καὶ

71 507 134 572 ἀπὸ
171 517 231 573 τοῦ
266 513 294 573 Β
333 510 476 594 ὄμματος
511 525 613 595 προσ-

69 613 278 681 πιπτέτωσαν
311 615 439 692 ἀκτῖνες
471 616 508 680 αἱ
535 619 614 700 ΒΝ,

36 725 148 805 5ΒΖ,
176 726 252 787 ΒΔ.
307 723 431 788 οὐκοῦν
463 745 614 788 ταπεινο-

71 828 151 911 τάτη
175 827 266 894 ἐστὶν
292 828 312 912 ἡ
339 833 415 894 ΒΔ·
449 831 532 895 ὥστε
558 829 615 895 καὶ

71 937 108 1001 τὸ
131 942 173 1001 Δ.
224 937 307 1001 ὥστε
331 935 447 1001 καὶτὸ
470 934 531 1021 μὲν
555 940 615 1002 ΓΛ

72 1046 305 1128 ταπεινότερον
351 1047 505 1127 φαίνεται
555 1054 615 1110 τοῦ

72 1153 152 1233 ΛΖ,
184 1150 221 1215 τὸ
250 1147 287 1214 δὲ
315 1154 379 1215 ΛΖ
407 1159 467 1215 τοῦ
496 1154 575 1216 ΚΝ.
1047 1160 1083 1216 Β

667 463 1026 716 ρετ-ι*-

23 1347 53 1396 10
553 1326 602 1393 ιε’.

132 1431 214 1498 Ὅσα
237 1432 389 1516 ἀλλήλων
411 1433 561 1519 ὑπερέχει
584 1446 651 1501 τῶν
669 1435 734 1500 ὑπὸ
753 1436 790 1500 τὸ
809 1435 897 1519 όμμα
915 1430 1085 1518 κειμένων,

73 1541 270 1626 προσιόντος
297 1536 357 1624 μὲν
384 1549 444 1604 τοῦ
468 1542 612 1624 ὄμματος
634 1544 757 1625 μείζονι
783 1542 819 1605 τὸ
842 1539 1085 1626 ὑπερφαινόμε-

73 1669 135 1712 νον
159 1649 312 1731 φαίνεται
334 1649 454 1730 μεῖζον,
478 1645 634 1723 ἀπιόντος
657 1644 694 1712 δὲ
717 1647 867 1713 ἐλάττονι
890 1650 1008 1731 μεῖζον.

79 1741 84 1751 ’
141 1756 223 1818 ἔστω
247 1754 310 1836 χάρ
334 1757 443 1838 μεῖζον
466 1755 503 1818 τὸ
518 1756 587 1818 ΒΓ
604 1763 664 1818 τοῦ
686 1759 758 1837 ΘΖ,
780 1751 836 1819 καὶ
855 1755 942 1838 όμμα
960 1755 1085 1817 κείσθω

22 1877 54 1924 15
73 1862 111 1925 τὸ
135 1863 169 1924 K
194 1862 263 1925 ἀνω
291 1872 358 1925 τῶν
384 1864 457 1943 ΒΓ,
479 1866 556 1943 ΘΖ,
582 1860 639 1925 καὶ
660 1860 890 1948 προσπιπτέτω
915 1858 1006 1935 ἀκτὶς
1029 1859 1086 1923 ὑιά

74 1976 134 2032 τοῦ
155 1971 184 2030 Θ
206 1966 226 2049 ἡ
246 1970 323 2031 ΚΔ.
362 1968 486 2033 οὐκοῦν
504 1969 541 2034 τὸ
558 1971 627 2032 ΒΓ
643 1977 703 2033 τοῦ
724 1972 786 2032 ΘΖ
804 1971 914 2052 μεῖζον
933 1969 1087 2050 φαίνεται

74 2083 120 2160 τῷ
139 2078 215 2137 ΒΔ·
241 2080 314 2139 ἴσον
332 2075 395 2160 χάρ
415 2073 568 2158 ἐφαίνετο
587 2076 625 2139 τὸ
646 2079 709 2138 ΘΖ
731 2083 776 2161 τῷ
796 2080 829 2138 Δ
835 2077 872 2156 Γ,
891 2072 1002 2156 ἐπειδὴ
1020 2072 1087 2136 ὑπὸ

74 2189 134 2244 τοῦ
154 2180 257 2244 αὑτοῦ
276 2182 419 2264 όμματος
436 2179 492 2245 καὶ
511 2191 568 2264 τῆς
582 2185 648 2245 ΚΔ
667 2180 798 2256 ἀκτῖνος
817 2177 949 2265 ἑωρᾶτο.
985 2178 1087 2244 πάλιν

76 2287 117 2370 δὴ
149 2290 354 2370 μετακείσθω
387 2288 424 2352 τὸ
457 2289 544 2372 ὄμμα
577 2285 630 2351 ἐπὶ
659 2289 696 2351 τὸ
724 2291 770 2369 Λ,
801 2284 856 2351 καὶ
886 2287 941 2351 ἀιά
968 2295 1028 2350 τοῦ
1059 2289 1088 2349 Θ

23 2408 57 2457 20
75 2391 303 2479 προσπιπτέτω
328 2390 418 2468 ἀκτὶς
441 2393 461 2476 ἡ
485 2397 564 2458 ΛΝ.
611 2395 734 2459 οὐκοῦν
757 2394 857 2459 πόλιν
880 2395 917 2458 τὸ
941 2395 1009 2457 ΒΓ
1025 2401 1086 2457 τοῦ

79 2504 140 2564 ΘΖ
164 2502 273 2583 μεῖζον
296 2502 448 2583 φαίνεται
471 2510 516 2586 τῷ
540 2504 617 2564 ΒΝ.
668 2500 817 2565 ἐλάττονι
844 2502 908 2586 ἀρα
932 2502 1086 2584 φαίνεται

76 2604 237 2691 ὑπερέχον
260 2607 297 2670 τὸ
320 2609 389 2670 ΒΓ
405 2615 465 2670 τοῦ
492 2611 553 2671 ΘΖ
577 2606 732 2683 ἀπιόντος
754 2616 814 2671 τοῦ
838 2608 982 2691 όμματος
1003 2607 1086 2692 ἥπερ

76 2715 282 2799 προσιόντος.
593 2800 601 2823 r

556 2821 610 2870 ις.

24 2922 57 2970 25
136 2906 217 2973 Ὅσα
236 2908 388 2990 ἀλλήλων
406 2908 556 2994 ὑπερέχει
575 2908 662 2973 κάτω
681 2916 741 2973 τοῦ
760 2909 905 2992 όμματος
922 2905 1087 2991 κειμένου,

76 3017 273 3102 προσιόντος
291 3011 351 3099 μὲν
374 3023 433 3079 τοῦ
457 3017 601 3099 όμματος
624 3014 773 3079 έλάττονι
795 3017 906 3097 μεῖζον
928 3015 965 3078 τὸ
988 3013 1088 3099 ὑπερ-

77 3125 280 3207 φαινόμενον
303 3124 467 3206 φαίνεται,
490 3120 645 3197 ἀπιόντος
667 3117 704 3184 ὑὲ
727 3123 850 3204 μείζονι
873 3123 990 3204 μεῖζον.

149 3304 173 3354 3.
199 3298 232 3368 Β]
256 3316 292 3352 m.
313 3312 366 3350 rec.
386 3295 419 3349 V.
512 3301 535 3349 7.
560 3301 585 3348 Δ
605 3327 636 3335 -
656 3294 700 3366 τό]
725 3311 777 3348 om.
796 3313 846 3363 pv.
938 3293 1005 3348 ὥστε
1024 3291 1089 3364 καί]

77 3389 113 3426 m.
134 3379 148 3424 1
169 3370 202 3438 V,
228 3369 277 3424 καὶ
296 3366 344 3422 διὰ
362 3375 444 3421 τοῦτο
463 3385 498 3420 m.
519 3382 571 3420 τεο.
664 3373 688 3420 9.
708 3367 776 3420 Post
795 3368 858 3419 ΚΝ
874 3365 938 3420 add.
958 3375 1013 3420 τῶν
1033 3365 1089 3432 ἀρα

78 3440 145 3497 ἴσων
164 3444 293 3511 μεγεθῶν
311 3439 360 3494 καὶ
378 3438 412 3493 τά
432 3437 494 3506 ἑξῆς
512 3456 548 3493 m.
568 3454 621 3492 ree.
641 3438 673 3492 V.
753 3442 793 3491 13.
813 3435 958 3508 ἀπιόντος]
979 3456 1040 3491 -ον-
1059 3434 1090 3488 in

65 3527 120 3565 τκε,
149 3511 177 3566 V.
259 3515 300 3566 17.
322 3510 449 3585 193(pr.)]
469 3509 500 3565 τό
519 3528 545 3565 v.
625 3508 701 3581 l'cov}
716 3526 753 3563 m.
772 3525 826 3562 rec.
846 3508 879 3575 V,
899 3525 988 3576 comp.
1008 3526 1044 3561 m.
1065 3513 1089 3561 1.
