2334 3788
81 114 127 178 34
423 117 593 170 ευοτιοτε
613 119 751 171 0ch.

81 257 211 334 ἀκτῖνες
233 260 270 324 αί
290 264 367 343 ΑΒ,
389 266 464 343 ΑΔ,
487 264 564 343 ΑΕ,
587 265 620 325 A
626 265 664 345 Ζ,
682 265 764 345 ΑΗ,
782 267 861 345 ΑΘ,
879 268 911 327 Α
918 265 953 327 Γ.
999 260 1099 346 λέγω,

81 366 133 431 ὅτι
163 364 183 448 ἡ
207 369 275 431 ΒΓ
301 365 494 453 περιφέρεια
523 367 640 432 εὐθεῖα
669 371 832 453 φαίνεται.
882 373 1005 434 κείσθω
1036 378 1098 452 τῆς

80 478 291 559 περιφερείας
313 475 350 538 τὸ
369 473 508 559 κέντρον
526 472 581 539 καὶ
600 477 681 539 ἔστω
700 476 737 540 τὸ
756 479 798 560 Κ,
820 474 875 540 καὶ
895 476 1095 559 ἐπεζεύχθω-

81 596 145 644 σαν
171 580 300 645 εὐθεῖαι
323 582 361 645 αί

44 688 161 769 ταν,
180 689 260 770 ΚΛ,
278 690 358 772 ιτα,

81 796 157 876 KZ,
180 796 262 877 KH,
280 796 358 877 πο,

80 901 155 963 ΚΓ.
201 897 269 963 ἐπεὶ
295 896 357 965 οὗν

80 1004 100 1088 η
124 1009 189 1070 ΚΒ
212 1005 277 1070 ὑπὸ
300 1013 358 1089 της
401 1060 451 1116 KV

79 1111 145 1176 ὑπὸ
169 1114 235 1202 ΚΑ
240 1115 268 1175 Β
294 1135 357 1193 γω-

27 1227 61 1276 10
80 1223 155 1295 νίας
193 1216 412 1302 βλέπεται,”’κα

80 1323 100 1407 ἡ
129 1321 166 1388 δὲ
193 1328 262 1389 ΚΔ
292 1325 357 1390 ὑπὸ

80 1439 138 1514 τῆς
159 1431 225 1496 ὑπὸ
249 1434 358 1515 ΚΑΛ,

80 1539 199 1621 μείζων
222 1539 286 1622 ίίρα
309 1539 492 1622 φανήσεται
515 1537 535 1620 ἡ
559 1535 620 1622 μὲν
645 1542 709 1603 ΚΒ
733 1548 790 1622 τῆς
813 1542 896 1622 ΚΛ,
919 1537 939 1621 η
963 1535 1000 1602 δὲ
1022 1541 1094 1602 ΚΔ

80 1653 138 1727 τῆς
155 1647 232 1728 ΚΕ,
255 1643 275 1727 η
299 1640 336 1708 δὲ
354 1647 422 1708 ΚΕ
443 1653 501 1727 της
519 1648 595 1728 ΚΖ,
618 1643 673 1710 καὶ
696 1645 732 1710 ἐκ
754 1654 813 1710 τοῦ
837 1643 950 1727 ἑτέρου
971 1642 1093 1730 μέρους

26 1751 100 1834 1οὴ
128 1747 188 1836 μὲν
215 1755 285 1816 ΚΓ
307 1760 365 1835 τῆς
391 1755 473 1835 ΚΘ,
504 1751 524 1834 ἡ
552 1748 590 1815 δὲ
617 1755 685 1817 ΚΘ
711 1761 768 1835 τῆς
794 1755 879 1836 ΚΗ,
906 1751 927 1835 ἡ
955 1748 992 1815 δὲ
1019 1754 1096 1814 ΚΗ

80 1868 138 1942 τῆς
155 1862 221 1923 ΚΖ
240 1862 358 1944 μείζων
376 1861 567 1944 φανήσεται.
602 1859 658 1922 διὰ
676 1867 773 1922 τοῦτο
793 1860 834 1942 δὴ
853 1867 910 1942 τῆς
928 1858 1092 1942 μενούσης

80 1965 214 2043 εὐθείας
232 1976 290 2050 τῆς
308 1967 400 2049 ΚΑηι
418 1966 558 2041 κάθετος
575 1964 596 2048 ἡ
615 1967 683 2029 ΒΓ
700 1963 753 2028 ιἰεί
769 1963 866 2029 ἐστιν.
898 1966 939 2029 τὰ
957 1962 988 2028 δ’
1007 1963 1092 2029 αὐτοὶ

80 2075 281 2156 συμβήσεται
303 2071 359 2136 καὶ
382 2070 435 2136 ἐπὶ
457 2080 515 2155 τῆς
537 2074 649 2153 κοίλης
671 2073 888 2155 περιφερείας.

502 2246 657 2324 Ἄλλως.

25 2381 62 2430 20
83 2437 86 2446 ,
146 2373 304 2437 Αυνατὸν
323 2369 359 2436 δέ
377 2370 432 2437 καὶ
451 2369 501 2436 ἐπ’
517 2371 629 2437 αὐτῶν
647 2381 714 2437 τῶν
727 2373 836 2449 ὄψεων
855 2379 957 2435 ταῦτα
971 2368 1090 2453 λέγειν,

80 2478 132 2543 ὅτι
159 2477 310 2562 ἐλαχίστη
338 2475 398 2562 μὲν
425 2478 445 2562 η
473 2475 592 2562 μεταξὺ
620 2486 680 2542 τοῦ
708 2484 741 2542 Α
773 2480 916 2562 ὄμματος
948 2475 1002 2541 καὶ
1032 2486 1090 2560 τῆς

80 2582 272 2670 διαμέτρου,
300 2581 351 2648 ἀεὶ
378 2580 415 2647 δὲ
441 2583 462 2666 ἡ
486 2587 597 2667 ἔγγιον
625 2584 726 2666 αὐτῆς
749 2583 893 2648 ἐλοίττων
920 2592 978 2666 τῆς
1001 2582 1088 2647 ἀπώ-

79 2715 184 2777 τερον.
244 2691 347 2755 ταύτὰ
379 2687 415 2755 δὲ
447 2694 621 2775 συμβαίνει
652 2687 708 2754 καὶ
741 2689 827 2774 [ἐὰν]
859 2688 1004 2754 καθέτου
1037 2687 1087 2754 ἐπ’

79 2787 184 2881 αὐτὴν
212 2797 313 2879 οὔσης
340 2806 398 2880 τῆς
419 2802 452 2860 Α
459 2801 495 2861 Ζ.
542 2797 598 2860 διὰ
625 2804 722 2860 τοῦτο
746 2799 933 2880 φαντασίαν
956 2797 1090 2872 εὐθείας

24 2912 61 2963 26
79 2901 271 2968 ἀποστέλλει
293 2901 314 2985 ἡ
337 2901 538 2989 περιφέρεια,
561 2899 616 2966 καὶ
638 2902 778 2986 μάλιστα
801 2905 832 2967 εί
853 2902 916 2968 ἀπὸ
937 2907 1090 2980 πλείονος

80 3012 234 3094 φαίνοιτο
263 3009 481 3093 διαστήματος
508 3010 591 3074 ὥστε
618 3010 662 3093 μη
690 3009 979 3075 συναισθάνεσθαι
1005 3009 1091 3094 ἡμᾶς

79 3124 137 3199 τῆς
159 3118 366 3201 κυριότητος.
412 3115 468 3178 διὰ
491 3123 589 3178 τοῦτο
616 3114 671 3180 καὶ
699 3115 734 3180 oi
754 3117 797 3199 μὴ
820 3115 909 3179 ποίνυ
933 3115 1089 3180 ἀποτετα-

78 3221 173 3307 μένοι
196 3221 290 3287 κάλοι
314 3222 349 3287 ἐκ
370 3222 513 3302 πλαγίου
537 3216 597 3305 μὲν
615 3221 777 3306 ὁρώμενοι
798 3219 984 3305 έγχοίλασμα
1003 3225 1090 3306 ἔχειν

151 3395 420 3468 νεηνενιι.
502 3395 739 3467 mmm.
825 3396 1087 3466 6.KZ]KFBv.

115 3473 140 3525 8.
160 3469 224 3540 ΚΒ]
244 3472 301 3521 ΒΚ
316 3485 341 3520 v.
419 3471 443 3520 9.
463 3465 529 3538 ὑπό]
550 3483 633 3538 supra
653 3483 703 3520 scr.
722 3467 845 3520 m.2V.
924 3468 1015 3539 KAB]
1035 3471 1088 3521 ΚΒ
