2334 3788
461 125 631 179 aucnmrs
650 128 788 183 orrrcr.
1066 130 1128 195 101

187 303 250 368 Est
264 303 382 388 aliquis
395 305 487 370 locus
506 305 697 392 communis,
716 329 735 371 a
754 329 817 391 quo
836 308 1022 393 inaequales
1041 333 1130 398 mag-

120 409 284 476 nitudines
307 412 458 495 aequales
482 417 646 499 apparent.

187 521 258 582 esto
282 518 369 583 enim
392 519 495 584 maior
518 520 559 602 tq
587 541 684 603 quam
705 522 766 605 qd,
793 525 826 586 et
849 522 935 587 circa
957 524 999 605 by
1026 523 1130 588 maior

122 624 325 690 semicirculo
353 625 460 709 portio
488 626 691 691 describatur
717 631 750 691 et
778 627 863 693 circa
886 631 929 711 dy
957 629 1072 695 similis
1099 631 1130 695 ei

121 752 203 816 quae
226 731 313 796 circa
331 731 381 816 tq,
404 736 437 797 et
454 732 517 797 hoc
540 737 590 798 est
611 734 770 819 recipiens
789 735 945 821 angulum
963 737 1130 821 aequalem

122 837 150 901 ei
183 837 239 923 qui
270 837 306 901 in
337 839 412 922 bap.
474 845 621 906 secantes
654 863 687 905 se
719 842 759 906 ad
789 841 931 907 inuicem
963 843 1129 927 portiones

121 943 306 1009 diuidantur
334 946 374 1009 ad
396 966 427 1030 a,
455 951 488 1010 et
515 946 754 1032 coniungantur
780 948 834 1032 ab,
856 969 911 1033 ay,
932 951 982 1014 ad.
1028 950 1130 1035 igitur

121 1051 275 1135 quoniam
303 1052 452 1136 aequales
481 1058 557 1117 sunt
590 1054 645 1137 qui
672 1054 708 1117 in
736 1053 896 1119 similibus
923 1054 1129 1139 portionibus

121 1157 232 1243 anguli
257 1159 297 1223 ad
318 1158 473 1245 inuicem,
500 1160 650 1244 aequales
674 1166 750 1226 sunt
774 1166 807 1226 et
830 1161 886 1246 qui
908 1160 944 1225 in
967 1163 1042 1247 bap,
1062 1164 1132 1245 pact

119 1264 326 1347 portionibus
349 1266 390 1330 ad
411 1266 552 1331 inuicem
575 1267 694 1352 anguli.
731 1270 791 1332 sub
814 1269 1002 1353 aequalibus
1021 1273 1131 1333 autem
1149 1280 1163 1328 1

120 1370 249 1456 angulis
280 1371 352 1436 uisa
383 1372 530 1456 aequalia
562 1379 728 1458 apparent.
784 1375 878 1439 oculo
911 1396 988 1459 ergo
1019 1375 1128 1458 posito

121 1499 218 1562 super
235 1498 253 1543 a
270 1482 427 1562 punctum
446 1480 590 1564 aequalis
609 1481 780 1565 apparebit
798 1482 840 1564 by
858 1480 888 1545 ei
907 1502 989 1565 quae
1008 1485 1058 1545 est
1073 1483 1128 1563 qd.

121 1590 172 1648 est
199 1589 308 1649 autem
337 1586 448 1650 maior.
494 1591 544 1650 est
572 1607 649 1672 ergo
677 1587 768 1652 locus
798 1587 991 1673 communis,
1024 1609 1129 1672 aquo

120 1690 305 1775 inaequales
329 1692 569 1778 magnitudines
592 1695 742 1777 aequales
767 1697 932 1779 apparent.

189 1902 272 1969 Sunt
298 1904 375 1989 loci,
406 1905 442 1968 in
475 1905 591 1989 quibus
625 1906 718 1970 oculo
751 1905 951 1990 transposito
980 1906 1163 1990 aequales1

121 1990 362 2097 magnitudines
385 2015 418 2075 et
440 2012 719 2096 perpendiculares
744 2012 925 2077 subiacenti
947 2012 1044 2097 plano
1064 2012 1130 2077 exi-

122 2121 244 2181 stentes
269 2117 463 2203 aliquotiens
488 2117 617 2202 quidem
641 2118 805 2204 aequales,
833 2119 1026 2203 aliquotiens
1053 2140 1130 2183 uero

120 2222 305 2307 inaequales
330 2229 495 2309 apparent.

189 2330 254 2394 sint
269 2331 418 2414 aequales
433 2331 564 2415 quidem
578 2332 817 2418 magnitudines
837 2333 890 2418 ab,
904 2334 953 2416 qd
971 2333 1011 2397 ad
1024 2337 1130 2397 rectos

122 2435 297 2501 existentes
317 2437 498 2502 subiacenti
517 2438 661 2522 ebipedo.
695 2437 776 2524 dico,
795 2439 948 2523 quoniam
963 2444 1013 2502 est
1030 2439 1130 2522 locus,
1149 2449 1165 2497 a

123 2541 181 2605 ubi
204 2542 298 2607 oculo
321 2543 429 2628 posito
453 2544 505 2628 ab,
521 2546 569 2628 qd
591 2545 740 2629 aequales
760 2549 925 2630 apparent.
959 2545 1133 2631 coniunga-

194 2775 218 2825 2.
238 2773 406 2838 apparerent
424 2771 470 2826 D.'
553 2777 577 2826 ὅ.
601 2773 686 2843 quae]
711 2789 777 2827 corr.
798 2789 831 2828 ecc
849 2771 897 2840 qui
920 2773 958 2827 D.
1045 2771 1131 2844 circa]

123 2843 221 2894 contra
239 2842 276 2896 D.
334 2847 357 2896 6.
376 2841 532 2914 portiones]
551 2843 694 2912 portiones
708 2861 728 2911 n
741 2844 779 2898 D.
836 2848 859 2898 9.
875 2843 1130 2915 qui]mp.m.1D.

157 2917 199 2966 21.
219 2912 424 2982 coniungantur
441 2915 479 2968 D.

159 3132 200 3179 15.
229 3125 274 3197 αἱ]
304 3143 388 3196 supra
414 3144 464 3181 scr.
491 3127 528 3195 V,
558 3144 610 3182 om.
634 3127 730 3182 Vatv.
831 3129 934 3199 ΒΖΓ]
962 3126 993 3180 in
1019 3143 1073 3181 ras.
1096 3126 1130 3195 V,

122 3202 143 3251 Β
167 3197 263 3252 Vacv.
358 3202 399 3253 18.
425 3195 546 3267 φαίνητο
569 3217 594 3253 v.
691 3197 757 3270 ἔστι]
783 3197 855 3254 ἔστιν
878 3216 903 3253 v.
1004 3203 1046 3252 20.
1069 3197 1132 3270 με’]

122 3285 175 3322 om.
195 3287 221 3336 v,
241 3267 283 3333 νζ’
298 3269 332 3337 V,
351 3268 394 3324 ve'
410 3275 473 3323 ma
488 3270 552 3323 Vat.
607 3275 648 3324 21.
670 3268 737 3341 εἰσί]
757 3269 811 3325 litt.
831 3269 932 3323 initial.
953 3269 1033 3322 deest
1050 3267 1081 3322 in
1093 3286 1130 3337 m,

121 3342 154 3392 ut
172 3339 292 3408 saepius.
378 3337 562 3408 pervtepe'ooo
580 3358 616 3395 m.
707 3347 749 3396 22.
772 3338 905 3412 ἐπιπέδω]
925 3355 982 3408 seq.
1001 3337 1070 3410 λέγω
1089 3337 1132 3394 ὅτι

123 3408 179 3464 ἔστι
196 3431 238 3472 τις
255 3409 352 3477 τόπος,
376 3411 426 3464 sed
445 3411 507 3480 del,
529 3411 561 3467 V.
649 3417 690 3468 24.
711 3411 769 3484 ἴσα]
789 3429 842 3466 om.
862 3395 927 3466 Vm.
1010 3417 1052 3466 26.
1072 3409 1134 3465 ἐπι·

122 3481 230 3552 ζεύχθω
247 3499 284 3551 m,
304 3481 515 3553 ἐπεζεύχθωσαν
533 3500 558 3537 v.
