2334 3788
91 121 154 185 136
315 121 475 178 SCHOLIA
492 122 531 174 IN
549 120 719 172 EUCLIDIS
738 120 875 171 OPTIGA.
928 170 932 181 ,

157 265 209 330 52.
230 263 391 330 ’Ἐλαττόν
410 263 499 330 ἐστιν
516 263 714 348 ἡμικυκλίου
731 287 762 347 p.
781 265 834 346 44,
853 262 888 346 8]
912 262 1023 326 διὰτὸ
1042 259 1101 325 κε’·

89 374 245 456 νοηθήτω
277 373 340 458 γὰρ
373 373 461 455 ὄμμα
492 372 529 436 τὸ
559 375 586 434 Ζ
617 369 828 455 προσβάλλον
861 378 900 454 τῇ
929 368 1106 453 [ΕΘ]ΔΗ

90 482 225 566 σφαίρᾳ.

156 603 208 668 53.
239 600 327 667 Ἐπεὶ
355 597 417 667 οὖν
444 600 508 666 άπό
535 624 626 677 τινος
652 625 683 685 p.
706 603 764 684 46,
788 600 826 684 6]
855 602 1010 684 υοηθήτω
1037 601 1102 686 γάρ
1133 670 1135 684 ι

54 708 178 793 σόμμα
201 710 237 775 τὸ
263 713 303 772 Ζ·
327 710 384 773 διὰ
406 709 443 773 τὸ
465 707 524 772 κε’.

157 834 208 898 54.
236 833 428 918 Κύλινδρος
444 856 474 917 p.
491 833 545 917 46,
565 831 621 916 14]
645 834 823 916 σημείωσαι
842 833 901 896 τὸν
919 832 1102 917 κύλινδρον

91 939 199 1026 ὀρθὸν
224 939 407 1022 ίστάμευον.

160 1065 211 1130 55.
243 1062 428 1150 Οὐδέτερον
451 1064 515 1149 άρα
538 1086 568 1147 p.
588 1065 640 1148 48,
661 1065 693 1144 1]
717 1064 800 1128 κατά
823 1065 884 1147 τὴν
907 1062 1103 1146 ἐπιφάνειαν

26 1173 29 1183 ’
90 1171 153 1256 γδιρ
176 1180 237 1235 τοῦ
260 1169 443 1255 κυλίνδρου
466 1169 624 1234 ἅπτονται
648 1171 685 1233 αί
705 1169 842 1234 εὐθεῖαι.

40 1308 72 1358 10
159 1296 210 1360 56.
247 1293 306 1359 κδ’
329 1319 360 1379 p.
384 1295 441 1379 50,
464 1293 504 1378 9]
537 1295 574 1357 τὸ
602 1294 710 1378 παρὸν
736 1294 894 1378 θεώρημα
922 1295 1102 1376 δείκνυται,

91 1399 137 1465 δι’
159 1395 207 1466 ὧν
229 1399 283 1466 καὶ
306 1402 343 1466 τὸ
366 1399 415 1480 κζ’
435 1400 578 1484 ἐδείχθη.

157 1525 208 1589 57.
247 1525 295 1589 Τὸ
325 1530 399 1589 ἴσον
426 1525 491 1610 άρα
518 1547 548 1608 p.
573 1524 629 1607 58,
653 1524 691 1604 9]
722 1530 795 1588 ἴσον
822 1520 882 1608 μὲν
909 1536 981 1600 ταῖς
1004 1524 1101 1602 ὄψεσι

90 1633 244 1714 φαίνεται
267 1632 323 1695 διὰ
346 1632 383 1695 τὸ
406 1629 471 1695 ὑπὸ
496 1634 578 1694 ίσωυ
601 1641 732 1711 γωνιῶν
760 1630 919 1715 ὁρᾶσθαι,
947 1631 1009 1696 οὐκ
1032 1634 1101 1696 ἔστι

91 1736 143 1802 δέ·
166 1737 207 1802 τὰ
230 1739 293 1823 γάρ
317 1735 470 1822 ἀνωτέρω
494 1745 553 1800 τοῦ
576 1738 687 1801 κώνου
711 1746 913 1802 στενοῦνται.

37 1874 71 1924 15
158 1863 209 1928 58.
240 1859 327 1925 ’Ίσαι
356 1863 393 1925 αι’
417 1863 549 1945 γωνίαι,
582 1861 632 1927 ὅτι
660 1863 701 1925 τὰ
729 1861 864 1926 ἐπίπεδα
892 1874 961 1938 τοῖς
988 1863 1101 1939 αὐτοῖς

92 1954 313 2053 ἐμπεριέχεται
333 1965 595 2054 διαστήμα[σιν]·
617 1966 648 2046 ἐξ
668 1966 861 2054 ὡρισμένων
880 1970 942 2054 γάρ
957 1969 1103 2033 εὐθειῶν

92 2073 310 2160 [παρ]έδωκε’ν
421 2096 557 2139 οπτικον
581 2073 819 2159 ἐξευεχθῆ[υαι]
844 2076 953 2151 αὐτάς.

158 2199 209 2264 59.
243 2200 291 2262 Αί
313 2203 388 2282 ΓΒ,
407 2203 469 2262 ΒΖ
498 2201 607 2263 άνισοι
634 2223 664 2282 p.
684 2201 740 2282 68,
765 2199 821 2283 16]
850 2200 911 2263 δύο
940 2200 1003 2284 γάρ
1032 2203 1101 2285 τρί-

91 2304 183 2387 γωνά
211 2306 274 2369 εἰσι
302 2306 342 2368 τὰ
370 2309 480 2387 ΒΓΑ,
500 2309 602 2368 ΒΖΑ
628 2304 738 2389 ὀρθὴν
765 2308 881 2389 ἔχοντα
909 2309 1036 2387 γωνίαν
1063 2308 1100 2371 τὸ

38 2424 73 2473 20
91 2407 152 2495 μὲν
174 2412 235 2494 τὴν
258 2411 341 2496 πρὸς
363 2420 408 2499 τῷ
434 2414 474 2494 Γ,
502 2412 539 2475 τὸ
563 2407 600 2475 δὲ
622 2412 683 2494 τὴν
705 2413 788 2496 πρὸς
810 2421 855 2499 τῷ
881 2416 922 2496 Ζ,
952 2416 1010 2476 καί
1032 2412 1101 2477 ἐστι

91 2519 208 2582 λοιπὸν
231 2518 268 2582 τὸ
292 2516 356 2581 ἀπὸ
379 2526 436 2600 τῆς
458 2521 521 2581 ΒΑ
550 2522 623 2580 λ’σον
651 2516 715 2580 άνδι
743 2516 841 2603 μέρος
868 2528 913 2606 τῷ
942 2517 1005 2582 άπὸ
1033 2530 1102 2583 τῶν

92 2627 163 2707 ΒΓ,
184 2626 243 2688 ΓΑ
265 2621 412 2699 καὶτοῖς
435 2621 498 2688 άπὸ
522 2634 589 2689 τῶν
611 2627 684 2707 ΒΖ,
705 2628 779 2688 ΖΑ.
816 2623 888 2689 ἀλλ’
909 2623 928 2707 ι]
950 2628 1010 2689 ΓΑ
1032 2628 1102 2709 μεί-

92 2734 155 2808 ζων
184 2730 316 2814 ἐδείχθη
343 2739 402 2813 τῆς
425 2734 499 2793 ΖΑ.
545 2731 642 2813 ὥστε,
670 2731 749 2816 ὅπερ
778 2730 917 2796 ἐλλείπει
941 2734 1001 2815 τὴν
1026 2736 1102 2815 ΖΑ,

91 2835 154 2914 ἕξει
177 2846 275 2902 τοῦτο
298 2835 318 2918 ἡ
343 2840 406 2900 ΒΖ
429 2834 485 2900 καὶ
508 2839 598 2900 ἔσται
621 2840 738 2920 μείζων
761 2846 819 2921 τῆς
841 2842 912 2902 ΒΓ.

37 2973 72 3023 λσ
159 2962 210 3026 66.
240 2958 406 3025 Ἐλάσσων
434 2956 494 3044 μέν
521 2962 585 3046 άρα
612 2984 642 3044 Ρ.
668 2962 723 3045 70,
748 2961 786 3046 1]
815 2961 925 3046 ἐπειδὴ
953 2965 1016 3046 γάρ
1046 2971 1102 3030 λ’σα

92 3066 155 3133 είσὶ
187 3068 227 3131 τά
261 3066 324 3132 ἀπὸ
358 3077 425 3131 τῶν
451 3071 530 3152 ΒΖ,
554 3073 619 3132 ΖΑ
652 3077 697 3155 τῷ
729 3067 792 3131 ἀπὸ
824 3079 892 3132 τῶν
918 3073 999 3153 ΒΚ,
1023 3074 1104 3156 ΚΑ,

163 3212 205 3261 52.
224 3203 272 3260 Vb.
360 3211 402 3260 53.
422 3204 470 3262 Vb.
557 3211 598 3261 54.
623 3203 748 3260 ΨΜ]
772 3223 835 3260 cum
853 3207 898 3275 fig.
986 3214 1027 3263 55.
1051 3208 1101 3264 Vb.

128 3283 169 3332 56.
189 3278 235 3332 Ψ.
309 3282 350 3332 57.
370 3276 418 3331 Vb.
492 3281 534 3331 58.
554 3277 602 3331 Vb.
676 3283 717 3331 59.
737 3276 785 3331 Vb.
860 3284 900 3332 60.
921 3279 968 3333 Vb.

165 3407 205 3457 15.
226 3401 284 3457 ίοαι
303 3401 334 3456 αἱ
353 3399 463 3472 γωνίαι]
482 3403 581 3482 Ροελθυ.
601 3402 664 3456 add.
748 3407 789 3455 19.
808 3401 912 3526 τά]τό.
995 3410 1037 3459 26.
1060 3407 1102 3477 Γ]

88 3489 156 3527 em.
179 3489 214 3526 ex
229 3481 263 3528 A.
340 3479 372 3527 21
393 3475 738 3546 ολλθ.τῷ]1ωωοτοῖς,
758 3474 840 3527 sede
869 3481 996 3544 .Ρ.137,
1016 3482 1040 3531 4.
