2334 3788
94 130 139 195 44
436 129 607 182 ααοωιωιε
627 128 765 183 0ch.

96 276 224 360 ζεύχθω
256 274 276 357 ἡ
310 277 381 339 ΒΓ.
441 272 541 358 λέγω,
573 273 624 338 ὅτι
656 275 766 356 μεῖζον
797 280 857 336 τοῦ
889 270 1112 358 ἡμισφαιρίου

56 393 58 397 ’
95 383 289 467 ὀφθήσεται.
335 379 630 468 προσπιπτέτωσαν
653 377 783 455 ἀκτῖνες
810 379 847 443 αί
867 383 945 463 ΒΕ,
965 381 1026 442 ΓΛ
1054 376 1112 442 καὶ

95 488 461 575 προσεκβεβλήσθωσαν
489 484 542 551 ἐπὶ
564 486 605 550 τά
627 491 672 569 Ε,
691 490 725 549 Α
751 484 847 571 μέρη·
880 485 1113 569 συμβάλλουσι

97 597 139 680 δὴ
162 594 320 678 ἀλλήλαις
342 595 399 658 διά
421 594 458 658 τὸ
483 593 645 658 ἐλάσσονα
668 587 754 657 εἶναι
777 593 838 676 τὴν
857 592 1034 678 διάμετρον
1052 599 1115 675 τῆς

61 705 168 766 εΒΓ.
205 699 485 785 συμβαλλέτωσαν
507 701 548 784 δὴ
567 700 650 764 κατά
668 700 705 764 τὸ
727 703 754 763 Ζ
777 710 923 783 σημεῖον.
961 696 1030 763 ἐπεὶ
1048 693 1115 763 οὖν

97 807 162 873 άπό
189 831 280 884 τινος
308 811 445 890 σημείου
477 818 545 871 τῶν
572 805 663 882 ἐκτὸς
695 815 755 870 τοῦ
782 807 908 870 κύκλου
939 806 1023 890 πρὸς
1049 805 1113 888 τὴν

97 912 311 1001 περιφέρειαν
333 914 629 1000 προσπεπτώκασιν
652 912 782 976 εὐθεῖαι
809 913 847 976 αί
868 916 945 994 ΖΕ,
970 915 1046 994 ΖΛ,
1073 912 1115 974 τὸ

98 1025 204 1086 ΑΘΕ
230 1022 295 1107 άρα
322 1022 459 1085 ἔλαττόν
486 1018 576 1084 ἐστιν
604 1018 811 1102 ἡμικυκλίου.
860 1018 898 1081 τὸ
921 1020 1024 1081 ΕΗΔ
1048 1017 1115 1102 άρα

98 1130 208 1212 μεῖζάν
227 1125 317 1191 ἐστιν
334 1125 540 1210 ἡμικυκλίου.
582 1121 655 1188 ἀλλ’
670 1123 737 1189 ὑπὸ
756 1134 824 1188 τῶν
842 1127 882 1207 Β,
901 1126 934 1187 Γ
951 1123 989 1187 τὸ
1009 1126 1115 1186 ΕΗΔ

47 1245 80 1294 10
98 1231 260 1316 βλέπεται.
292 1233 402 1315 μεῖζον
420 1231 485 1317 άρα
502 1229 523 1313 ἡ
542 1231 579 1295 τὸ
594 1230 697 1313 ήμισυ
712 1229 898 1314 ὀφθήσεται
912 1237 973 1292 τοῦ
986 1228 1116 1292 κύκλου

98 1338 164 1403 ὑπὸ
187 1347 255 1402 τῶν
277 1341 317 1421 Β,
337 1340 373 1402 Γ.
418 1336 456 1401 τὸ
480 1336 561 1401 αὐτὸ
585 1338 649 1422 άρα
676 1332 812 1419 καὶτῆς
836 1337 980 1420 σφαίρας
1002 1333 1115 1419 ὀφθή-

100 1461 199 1509 σεται.

577 1547 636 1626 κζ’.

165 1671 241 1739 Ἐάν
268 1675 305 1738 τὸ
332 1683 400 1738 τῶν
423 1671 579 1757 ὀμμάτων
602 1671 765 1756 ὃιάστήμα
793 1675 929 1737 ἔλαττον
953 1666 972 1757 ᾖ
995 1680 1054 1756 τῆς
1077 1670 1115 1736 ἐν

50 1794 82 1842 15
100 1790 140 1866 τῇ
164 1783 291 1868 σφαίρᾳ
313 1777 500 1865 διαμέτρου,
524 1781 659 1844 ἔλαττον
678 1779 898 1864 ἡμισφαιρίου
917 1777 1115 1863 ὀφθήσεται.

172 2791 253 2854 ἔστω
277 2800 413 2875 σφαῖρα,
436 2785 475 2872 ἡς
497 2787 636 2875 κέντρον
659 2790 695 2854 τὸ
719 2796 752 2854 Α
775 2801 921 2874 σημεῖον,
946 2786 1001 2854 καὶ
1024 2809 1115 2874 περι-

105 2895 286 2982 γεγράφθω
304 2893 380 2980 περὶ
398 2896 435 2959 τὸ
450 2901 482 2960 Α
501 2907 637 2978 σημεῖον
655 2896 775 2972 κύκλος
793 2895 811 2960 ὁ
826 2898 898 2978 ΒΓ,
916 2891 971 2958 καὶ
989 2898 1115 2959 κείσθω

104 3004 141 3068 τὸ
165 3001 327 3086 διάστημα
349 3012 416 3066 τῶν
439 3000 594 3086 ὀμμάτων
616 3002 654 3066 τὸ
676 3006 747 3066 ΛΕ
768 3004 907 3067 ἔλασσον
935 3000 975 3065 ὄν
997 3009 1055 3084 τῆς
1078 3000 1115 3065 ἐν

178 3200 201 3248 1.
222 3194 293 3318 Hx}
312 3196 372 3247 ΒΝ
387 3211 413 3247 v.
487 3199 511 3247 3.
531 3192 780 3264 προσεκβεβλήσθω
799 3193 987 3247 VBVat.vm.
1048 3210 1115 3262 συμ-

106 3266 262 3337 βαλοῦσιΒ
294 3267 363 3318 at.v.
437 3269 460 3318 5.
481 3262 653 3335 συμβαλλέτω
672 3265 719 3318 Bv
737 3266 766 3318 et
785 3264 858 3332 Εἶτά,
879 3263 928 3317 sed
946 3280 1014 3318 corr.
1089 3269 1113 3318 6.

105 3337 172 3407 τῶν]
191 3344 240 3390 τοῦ
259 3336 323 3390 vat.
388 3340 412 3388 8.
432 3336 534 3407 ΔΘΕ]
554 3351 569 3389 e
588 3353 656 3390 corr.
675 3336 709 3404 V,
733 3335 753 3400 a*
766 3338 822 3391 ΘΕ
839 3336 893 3403 Bv,
914 3331 944 3389 δὲ
966 3337 1021 3390 ΘΕ
1039 3334 1116 3404 νοτ,

107 3408 156 3461 sed
174 3424 256 3472 corr.;
276 3412 302 3460 Δ
309 3409 333 3461 Θ
351 3407 473 3461 Vat.¹m.
538 3406 653 3461 ἔλασσον
671 3406 794 3462 BVat.v.
854 3405 897 3477 τό]
916 3406 947 3460 τὸ
966 3404 998 3460 δέ
1016 3407 1115 3461 Vat.v.

143 3483 184 3532 10,
202 3478 309 3548 μεῖζον]
328 3494 381 3532 om.
396 3496 422 3548 v,
441 3484 508 3531 καλ
527 3478 591 3532 vat.
655 3477 685 3548 ή]
705 3494 757 3532 om.
772 3496 799 3546 v,
817 3495 853 3531 m.
869 3483 884 3531 2
904 3477 967 3531 vat.
1029 3476 1116 3547 ἥμισυ
