2334 3788
108 116 174 181 302
508 116 740 171 CATOPTRICA.

175 264 256 326 ἐστω
286 262 373 344 ὄμμα
400 262 437 326 τὸ
460 265 504 343 Β,
531 271 634 344 μῆκος
662 257 698 324 δὲ
722 259 868 342 πλάγιον
895 261 935 325 τὸ
961 265 1051 343 ΔΕ,
1083 262 1130 325 ἐν·

108 390 231 453 οπτρον
260 363 296 432 δὲ
321 369 358 433 τὸ
381 370 454 432 ΑΓ.
500 367 625 431 οὐκοῦν
648 366 726 431 ιἰνα-
862 396 890 458 A]

107 479 317 539 κλεισθεισῶν
345 484 413 538 τῶν
440 475 549 551 ὄψεων
573 477 725 557 φαίνεται
1094 523 1122 586 Α

108 581 144 645 τὸ
176 577 236 664 μέν
268 586 302 644 Δ
334 578 387 645 ἐπὶ
418 582 455 645 τὸ
483 585 530 663 Α,
561 581 599 645 τὸ
632 577 669 645 δὲ
696 585 727 644 Ε

72 686 161 752 ὁέπὶ
191 688 228 752 τὸ
263 690 303 770 Γ,
344 689 403 750 καί
436 686 526 751 ἐστιν
563 686 649 751 οὕτω
686 696 725 772 τῇ

108 798 287 881 φαντασίᾳ,
319 793 469 879 καθάπερ
502 790 557 856 καὶ
584 802 624 878 τῇ
652 791 727 876 ἀλιγ-

106 905 184 987 θείᾳ
211 903 290 984 ἔχει,
322 901 359 965 τὸ
390 902 502 983 ἔγγιον
530 902 656 981 ἐγγιον,
688 899 725 963 τὸ

107 1005 277 1093 ἀπώτερον
300 1006 478 1089 ἀπώτερον.
781 1019 813 1078 Β

593 1216 627 1283 γ’,
769 1232 785 1270 0

54 1357 87 1404 10
177 1345 225 1408 Τὰ
247 1344 370 1426 πλάγια
392 1345 479 1427 μήκη
502 1342 565 1407 ἀπὸ
589 1353 657 1406 τῶν
674 1352 807 1426 κυρτῶν
829 1340 1017 1427 ἐνόπτρων,
1039 1348 1117 1406 καθ-

106 1450 188 1534 άπερ
213 1448 303 1514 ἐστὶν
327 1449 476 1533 ἀληθῶς,
499 1447 555 1514 καὶ
578 1453 742 1533 φαίνεται.

172 1559 254 1621 ἔστω
278 1565 380 1640 μῆκος
404 1556 441 1620 τὸ
464 1560 549 1639 ΕΑ,
576 1558 664 1640 ὄμμα
691 1552 728 1620 δέ
755 1556 792 1620 τὸ
816 1558 860 1638 Β,
888 1557 1056 1638 ἕνοπτρον
1082 1550 1116 1618 δὲ

105 1664 229 1749 κυρτὸν
251 1663 288 1728 τὸ
311 1669 343 1727 Α
350 1666 391 1746 Γ,
424 1664 516 1740 ὄψεις
544 1659 580 1726 δὲ
606 1661 833 1745 αἰναιιλώμεναι
861 1659 916 1726 ἐπὶ
943 1662 986 1725 τὰ
1015 1666 1058 1745 Ε,
1077 1666 1114 1725 Δ.

105 1770 145 1833 τὰ
169 1765 206 1832 δὲ
228 1771 311 1834 ἄλλα
334 1769 374 1833 τὰ
398 1767 490 1833 αὐτά.

54 1957 86 2006 15
581 1945 637 2009 ια’.

179 2071 225 2133 Τὰ
252 2070 321 2153 ὕψη
348 2069 403 2133 καὶ
426 2071 466 2134 τὰ
488 2070 579 2152 βάθη
608 2069 670 2134 ἀπὸ
694 2080 761 2134 τῶν
783 2072 906 2134 κοίλων
935 2069 1114 2157 ἐνόπτρων,

107 2176 167 2240 ὅσα
205 2175 265 2260 μέν
297 2176 386 2241 ἐστιν
422 2176 515 2251 ἐντὸς
551 2185 608 2259 τῆς
640 2177 859 2260 σνμπτώσεως
895 2186 964 2241 τῶν
997 2179 1114 2257 ὄψεων,

107 2282 354 2366 ἀνεστραμμένα
377 2286 529 2367 φαίνεται
553 2282 703 2369 καθάπερ
727 2282 850 2358 ἐντοῖς
869 2281 1041 2360 ἐπιπέδοις
1062 2280 1114 2347 καὶ

106 2400 240 2472 κυρτοῖς
259 2389 438 2474 ἐνόπτροις,
458 2390 519 2454 ὅσα
538 2389 578 2453 δέ
594 2389 685 2454 ἐστιν
704 2389 794 2464 ἐκτὸς
812 2398 869 2472 τῆς
884 2390 1114 2472 σνμπτώσεως,

54 2507 88 2555 20
106 2494 256 2579 καθάπερ
281 2498 384 2579 ἔστιν,
407 2494 462 2559 καὶ
485 2499 647 2579 φαίνεται.

174 2604 255 2665 ἔστω
279 2605 392 2665 κοῖλον
410 2603 570 2684 ἐνοπτρον
589 2602 625 2665 τὸ
645 2607 677 2665 Α
683 2604 720 2684 Γ,
743 2603 830 2684 ὄμμα
848 2596 886 2663 δὲ
903 2601 941 2665 τὸ
961 2605 1001 2684 Β,
1026 2603 1115 2679 ὄψεις

106 2705 143 2770 δὲ
166 2707 393 2790 ἀνακλώμεναι
417 2709 453 2770 αἱ
473 2710 545 2790 ΒΑ,
564 2711 636 2790 ΒΓ,
660 2709 848 2790 σύμπτωσις
871 2703 908 2770 δὲ
926 2707 1043 2772 αὐτῶν
1065 2704 1115 2771 ἐπὶ

106 2815 143 2878 τὸ
168 2819 206 2896 Ζ,
228 2815 296 2898 ὕψη
321 2811 357 2878 δὲ
380 2816 416 2878 τό
440 2837 474 2878 τε
496 2818 566 2877 ΔΕ
586 2812 640 2877 καὶ
664 2815 700 2878 τὸ
721 2818 801 2896 ΚΝ,
824 2811 879 2877 καὶ
902 2814 939 2878 τὸ
964 2810 1026 2897 μὲν
1045 2816 1117 2878 ΚΝ

107 2919 198 2995 ἐντὸς
225 2931 283 3005 τῆς
310 2931 369 2986 τοῦ
399 2926 426 2984 Ζ
454 2921 687 3003 συμπτώσεως,
719 2921 756 2985 τὸ
784 2916 820 2983 δὲ
842 2924 913 2983 ΛΕ
939 2919 1034 2997 ἐκτὸς
1060 2928 1115 3003 τῆς

54 3037 88 3086 25
108 3029 335 3110 συμπτωσεως.
369 3028 492 3093 οὐκοῦν
512 3028 736 3110 ἐκβληθεισῶν
754 3037 822 3091 τῶν
835 3029 945 3103 ὄψεων
964 3027 1114 3112 καθάπερ

106 3133 142 3197 ἐν
170 3146 238 3210 τοῖς
262 3133 428 3209 ἐπιπέδοις
454 3132 509 3197 καὶ
537 3146 669 3218 κυρτοῖς
697 3133 868 3218 ἐνόπτροις
896 3137 1053 3216 φαίνεται
1080 3134 1115 3198 τὸ

175 3404 199 3451 2.
224 3395 255 3451 δὲ
273 3398 321 3470 τό]
346 3395 377 3451 δὲ
398 3394 532 3451 ἐπίπεδον
550 3396 580 3449 τό
605 3415 640 3449 m.
730 3398 956 3464 ἀνακλασθησῶν
980 3415 1007 3451 v.
1093 3403 1115 3450 ἵ.

104 3467 135 3521 τό
146 3467 228 3538 (alt.)]
248 3468 278 3522 τὸ
294 3468 326 3523 δέ
344 3487 379 3522 m.
435 3475 459 3521 9.
482 3468 517 3538 ι’]
537 3467 575 3525 ις’
591 3468 645 3521 Vv.
703 3473 743 3522 12.
764 3467 844 3537 ἔστω]
863 3467 929 3521 ἔστω
943 3466 1068 3538 πλάγιον
1081 3486 1115 3522 m.
