2334 3788
410 145 582 197 uncinus
600 144 739 198 cruci.
1037 139 1081 207 59

70 288 250 373 procedunt
281 293 390 353 autem
423 289 600 353 secundum
631 309 674 354 aa
706 292 738 352 et
769 309 827 374 op,
862 288 1014 372 quoniam
1044 287 1081 352 in

68 395 225 481 parallelo
248 395 384 480 ebipedo
406 395 533 480 positus
557 399 607 460 est
631 395 752 479 oculus,
776 395 952 459 secundum
970 399 1079 459 autem

68 506 174 567 rectas
192 501 296 566 lineas
314 501 427 566 finitur
442 501 541 566 uisus.
575 501 603 566 si
617 501 704 566 enim
718 505 809 566 extra
823 501 943 565 cadunt
961 522 1014 585 op,
1027 521 1080 586 aa,

69 607 267 694 franguntur
294 607 400 694 uisus,
427 608 513 691 quod
540 607 648 672 locum
670 606 865 672 nonhabet.
912 606 978 670 sint
1001 629 1079 692 ergo

68 720 116 799 et,
137 716 178 780 ci,
226 714 380 798 quoniam
407 735 485 799 ergo
510 713 546 777 in
566 713 722 798 parallelo
746 714 881 798 ebipedo
905 713 1080 777 secundum
1117 725 1133 774 o

68 826 176 886 rectas
199 821 300 884 lineas
323 819 473 884 feruntur
490 819 591 904 uisus,
613 841 695 903 quae
714 840 792 883 uero
812 819 871 882 sub
891 819 1079 902 aequalibus

70 927 199 1014 angulis
213 926 285 991 uisa
298 930 385 1011 sunt,
403 925 550 1010 aequalia
564 930 731 1011 apparent,
749 930 956 1009 quotcunque
971 929 1080 989 autem

69 1034 160 1098 uisus
179 1034 214 1098 in
231 1035 300 1098 aad
315 1037 405 1099 recta
421 1037 588 1116 ponuntur
601 1031 756 1116 paralleli,
775 1032 924 1116 aequales
943 1031 1080 1117 angulos

70 1140 249 1225 continent,
272 1139 405 1224 aequale
429 1161 506 1224 ergo
530 1138 604 1203 coni
626 1137 798 1202 uidebitur.
840 1142 872 1201 et
896 1137 924 1201 si
947 1138 1080 1222 aequale

70 1246 193 1330 uident,
214 1245 321 1310 minus
344 1267 422 1309 uero
446 1245 519 1309 coni
542 1245 662 1309 uident.
700 1266 798 1327 quare
818 1248 850 1308 et
869 1244 975 1308 minus
994 1243 1080 1309 uide-
1100 1257 1133 1305 10

70 1353 161 1418 bitur
184 1352 265 1417 coni.

137 1566 281 1630 Rursum
307 1569 416 1629 autem
445 1563 538 1628 oculo
566 1567 788 1646 transportato
816 1564 856 1628 ab
880 1563 997 1628 humili
1020 1564 1081 1628 ele

71 1672 254 1756 uatiorique
287 1671 381 1736 oculo
408 1670 517 1754 posito
549 1669 653 1734 maius
686 1669 815 1753 quidem
843 1669 905 1734 erit
932 1670 970 1734 de
998 1692 1080 1735 cono

71 1780 190 1865 uisum,
211 1777 340 1842 uidetur
362 1781 472 1841 autem
494 1776 601 1839 minus
625 1797 792 1861 apparere,
814 1774 980 1840 humiliori
1002 1798 1080 1841 uero

71 1885 181 1950 minus
205 1885 335 1969 quidem
358 1883 429 1968 crit,
451 1883 580 1947 uidetur
603 1886 712 1946 autem
735 1882 839 1945 maius
863 1904 1026 1965 apparere.
1100 1895 1133 1943 15

139 1997 209 2057 esto
233 2013 343 2072 conus,
366 1989 457 2055 cuius
476 1989 565 2053 basis
585 1988 714 2072 quidem
733 1989 774 2070 by
797 1988 946 2074 circulus,
967 1994 1080 2054 uertex

69 2103 182 2163 autern
205 2120 226 2162 o
247 2102 396 2182 punctus,
419 2095 547 2179 sintque
570 2094 674 2159 latera
697 2095 769 2158 coni
792 2095 848 2178 bo,
872 2116 928 2180 oy,
951 2099 984 2159 et
1007 2117 1081 2160 con·

69 2206 226 2290 iungatur
245 2204 295 2287 by,
318 2207 351 2267 et
374 2202 531 2267 adiciatur
549 2205 656 2265 rectae
674 2201 716 2283 by
738 2205 827 2265 recta
844 2201 893 2286 bc‘,
923 2206 956 2266 et
974 2202 1082 2266 traha-

70 2316 126 2375 tur
147 2332 205 2394 per
226 2313 384 2395 punctum
408 2307 599 2393 contingens
623 2314 636 2371 t
660 2312 766 2372 rectae
790 2308 832 2371 ab
859 2308 1014 2391 parallela
1036 2308 1078 2372 ta.

70 2416 158 2500 dico,
186 2415 272 2499 quod
294 2412 398 2478 maius
423 2413 552 2496 quidem
575 2413 651 2498 erit,
677 2412 785 2477 minus
813 2435 890 2477 uero
914 2414 1080 2479 uidebitur
1098 2425 1132 2474 20

70 2523 110 2586 de
140 2542 222 2586 cono
250 2519 357 2584 uisum
385 2518 478 2583 oculo
505 2517 614 2602 posito
643 2540 739 2601 super
761 2523 773 2582 1
798 2522 956 2602 punctum
983 2541 1080 2603 quam

144 2754 167 2802 7.
187 2763 352 2815 quocunque
366 2747 405 2813 D,
424 2763 491 2801 corr.
506 2764 539 2799 m.
555 2752 579 2799 1.
637 2751 661 2798 8.
676 2744 796 2813 paralell
808 2761 860 2813 seq.
874 2761 928 2799 roa
944 2751 960 2798 1
976 2747 1079 2801 1111).

107 2825 149 2874 21.
170 2819 215 2890 de]
235 2835 285 2874 om.
304 2819 334 2873 D
352 2820 384 2872 a'a
401 2825 469 2872 extr.
485 2835 550 2888 pap.

69 3065 213 3138 τεθέντος]
233 3063 438 3128 κατατεθέντος
455 3084 491 3122 m.
566 3071 607 3120 15.
627 3062 827 3134 μετεωροτέρου
846 3063 971 3118 BVat.v.
1038 3069 1079 3118 16.

72 3173 185 3228 ἔλαττον
203 3173 333 3240 Vatvm,
352 3189 440 3240 comp.
460 3172 490 3226 B.
554 3177 594 3226 17.
613 3135 746 3228 cassavi?
765 3171 854 3224 Vatv
872 3169 911 3239 (in
929 3169 994 3223 Vat.
1010 3185 1079 3224 corr.

70 3249 160 3315 1112).
249 3242 361 3298 ἔλαττον
380 3243 475 3311 Vatv,
500 3261 588 3313 comp.
608 3243 639 3298 B.
730 3248 771 3296 21.
793 3242 861 3312 ΑΓ]
881 3244 902 3293 Α
921 3239 952 3292 in
970 3256 1023 3294 ras.
1043 3259 1079 3295 m.

107 3330 260 3403 ἐπεζεύχθω
278 3333 333 3386 Bv.
398 3337 440 3387 22.
460 3332 489 3403 ἡ]
510 3332 524 3387 ὁ
543 3351 568 3388 v.
630 3340 679 3386 τοῦ
694 3332 767 3401 (pr.)]
787 3347 839 3383 om.
854 3328 909 3396 Bv,
928 3334 994 3383 m.2
1014 3328 1080 3384 Vct.

106 3428 148 3477 24.
169 3421 282 3476 ἔλαττον
295 3421 392 3490 Vatv,
412 3437 500 3490 comp.
515 3421 546 3476 B.
602 3427 644 3475 25.
663 3417 805 3490 τεθέντος]
823 3402 904 3471 τεθτῖ
917 3417 991 3488 vat,
1011 3434 1080 3474 corr.

70 3511 106 3548 m.
126 3501 155 3561 23
174 3491 292 3563 τὲθηται
310 3511 335 3546 u.
