2334 3788
342 111 498 165 scflomA
516 113 555 163 m
573 112 742 164 υυοτωιο
761 112 900 164 opum.
1067 108 1131 174 135

184 254 235 318 49.
266 253 505 338 Συμβάλλουσι
524 255 565 339 δή
585 253 742 338 ἀλλήλαις
758 279 789 339 p.
804 255 857 340 44,
876 254 911 339 3]
932 255 1020 320 διότι
1039 252 1131 320 έλάτ-

115 381 195 435 τους
218 359 282 425 εἰσὶ
303 364 324 445 β
344 361 460 446 ὀρθῶν
479 362 516 426 αί
532 365 571 445 Β,
587 364 620 424 Γ
632 363 751 442 γωνίαι
770 362 826 426 διά
840 362 877 426 τὸ
892 360 964 426 κατ’
983 361 1132 445 άνάναην

115 474 175 548 τής
197 465 284 549 άφής
306 475 365 549 τής
388 463 565 552 διαμέτρου
589 475 649 531 τοῦ
672 466 796 531 κύκλου
819 468 968 550 μείζονος
991 470 1101 552 οὔσης.

184 591 235 655 50.
268 593 313 655 Εἰ
339 591 402 676 γάρ
431 591 472 655 οὐ
500 589 720 675 συνέβαλλον,
746 585 789 673 ήν
812 589 854 655 άυ
877 591 1130 677 παράλληλοςή

117 695 209 780 [ΒΖ]
228 707 267 782 τή
288 700 359 780 ΓΖ,
379 696 490 762 καὶτὸ
510 697 679 782 [ΛΕ]ΒΖ
697 700 1051 784 παραλληλόγραμμον,
1073 697 1130 764 καὶ

115 803 137 887 ή
155 804 328 889 διάμετρος
347 810 401 889 ίση
421 804 497 893 [τῷ]
517 804 726 888 διαστήματι·
746 804 855 890 [ὅπερ]
875 804 936 888 οὐχ
950 804 1130 871 ὑπόκειται.

183 931 236 994 51.
267 930 336 993 Διδι
363 934 398 994 τί
422 939 688 1015 προσπεσοῦνται
715 931 752 995 αί
777 934 854 1014 ΒΕ,
878 933 952 1009 ΓΛ;
999 927 1067 994 ἐπεὶ
1091 930 1130 994 τὸ

116 1048 184 1101 τῶν
206 1035 362 1120 ὀμμάτων
381 1035 544 1120 διάστημα
563 1038 674 1120 μεῖζόν
693 1035 761 1100 έστι
783 1034 838 1100 καὶ
857 1034 1069 1122 παράλληλον
1089 1045 1130 1121 τή

116 1140 280 1230 διαμέτρῳ
308 1151 366 1225 τής
391 1145 549 1227 σφαίρας,
583 1141 767 1226 έφάφονται
795 1138 831 1206 δὲ
858 1143 895 1206 αί
920 1141 1049 1219 ἀκτῖνες
1071 1152 1130 1226 τής

116 1252 261 1334 σφαίρας
283 1248 365 1313 κατά
387 1245 511 1333 πέρατα
534 1246 713 1333 διαμέτρου
735 1249 859 1312 κύκλου
882 1250 973 1325 τινὸς
1000 1259 1068 1313 τῶν
1091 1247 1129 1313 έν
1148 1262 1163 1311 1

115 1364 154 1439 τή
183 1358 309 1442 σφαίρᾳ
337 1353 510 1431 ἐλάττονος
536 1353 592 1420 καὶ
618 1357 832 1441 παραλλήλου
858 1356 959 1437 οὔσης
986 1365 1032 1443 τῷ
1057 1355 1130 1419 δια-

115 1463 254 1545 στήματι
286 1472 354 1525 τῶν
381 1460 551 1546 ὀμμάτων,
584 1459 653 1527 ἐπεὶ
684 1460 740 1526 καὶ
772 1471 830 1545 τής
861 1460 1038 1549 διαμέτρου
1071 1470 1130 1546 τής

115 1569 261 1652 σφαίρας
286 1566 434 1633 ἐλάσσων
458 1569 540 1651 αὕτη
565 1567 634 1634 ἐστὶ
657 1566 712 1633 καὶ
734 1568 954 1654 παράλληλος,
976 1567 1032 1634 καὶ
1053 1566 1129 1653 οὐχὶ

114 1674 199 1738 κατὰ
225 1675 266 1738 τὰ
288 1672 413 1760 πέρατα
439 1685 497 1759 τής
521 1674 699 1761 διαμέτρου
727 1685 784 1759 τής
811 1679 969 1762 σφαίρας,
997 1676 1033 1740 αί
1059 1673 1128 1739 ἐπι-

115 1784 289 1862 ζευγνῦσαι
304 1782 362 1858 τάς
375 1785 607 1866 παραλλήλους
620 1780 691 1865 μέν,
710 1784 753 1865 μή
770 1787 842 1857 ίσας
856 1780 903 1865 δέ,
920 1782 981 1847 οὐκ
995 1784 1126 1845 ἔσονται
1147 1795 1161 1844 1

113 1887 327 1973 παράλληλοι.
362 1897 607 1973 συμπεσοῦνται
622 1890 687 1974 άρα
706 1889 743 1952 αί
754 1892 827 1971 ΒΕ,
843 1892 912 1953 ΓΔ.
945 1888 995 1952 ὅτι
1014 1882 1052 1950 δέ
1066 1887 1127 1952 οὐκ

115 1992 299 2078 ἐφάψονται
322 1996 404 2059 κατά
422 1996 463 2060 τά
481 1993 605 2082 πέρατα
623 2004 681 2078 τής
700 1991 877 2079 διαμέτρου
896 2003 954 2077 τής
972 1994 1127 2078 σφαίρας,

115 2103 276 2185 φανερόν·
291 2103 322 2165 εἰ
329 2101 392 2187 γάρ
404 2100 589 2185 έφάήιονται
602 2101 685 2165 κατὰ
696 2101 736 2165 τά
744 2099 868 2186 πέρατα
882 2109 939 2183 τής
948 2097 1127 2185 διαμέτρου

114 2215 173 2289 τής
195 2211 353 2294 σφαίρας,
377 2209 434 2273 διά
456 2209 493 2273 τὸ
518 2206 565 2291 ιη’
585 2216 645 2272 τοῦ
667 2205 701 2289 γ’
724 2216 792 2271 τῶν
815 2208 997 2289 Στοιχείων
1020 2205 1127 2292 ὀρθάς

113 2315 243 2396 ποιήσει
266 2317 390 2396 γωνίας
412 2312 432 2397 ή
457 2311 665 2398 ἐφαπτομένη
688 2313 768 2396 μετά
790 2320 849 2394 τής
867 2308 1045 2398 διαμέτρου
1068 2321 1161 2397 τήςν

114 2423 271 2505 σφαίρας·
295 2422 333 2484 αί
353 2416 391 2484 δέ
413 2419 477 2485 άπὸ
501 2420 563 2485 δύο
586 2420 703 2505 ὀρθῶν
725 2417 959 2502 ἐκβαλλόμεναι
983 2418 1023 2483 οὐ
1044 2434 1126 2503 συμ-
1149 2411 1152 2418 ’

113 2535 306 2591 πεσοῦνται·
338 2529 682 2613 παραλληλόγραμμον
709 2526 773 2610 άρα
800 2522 869 2589 έστὶ
900 2526 938 2590 τὸ
964 2524 1030 2590 ὑπὸ
1058 2535 1126 2590 τῶν

114 2631 272 2716 άατίνων,
299 2642 360 2697 τοῦ
384 2633 602 2716 διαστήματος
624 2643 691 2696 τῶν
713 2629 869 2715 ὀμμάτων
895 2629 951 2695 καὶ
973 2639 1031 2714 τής
1054 2631 1126 2695 δια-

112 2737 235 2823 μέτρου
258 2749 316 2822 τής
339 2742 483 2826 σφαίρας
500 2739 741 2825 περιεχόμενον.
778 2747 846 2802 τῶν
864 2733 901 2801 δὲ
918 2742 1125 2824 παραλληλο-

113 2845 274 2930 μράμμων
307 2846 344 2910 αί
369 2845 567 2910 άπεναντίον
598 2841 738 2929 πλευραὶ
766 2848 835 2908 ίσαι
861 2843 1019 2927 άλλήλαις
1045 2845 1125 2908 εἰσί·
1143 2856 1167 2906 2

114 2956 188 3015 ίσον
217 2953 281 3037 άρα
307 2952 345 3016 τὸ
373 2963 440 3016 τῶν
462 2951 618 3036 ὀμμάτων
646 2950 809 3034 διάστημα
835 2951 873 3015 τὸ
896 2953 964 3014 ΒΓ
986 2960 1026 3036 τῇ
1053 2950 1125 3015 δια-

112 3056 220 3145 μέτρῳ
239 3067 297 3141 τής
311 3062 466 3143 σφαίρας·
487 3058 565 3143 ὅπερ
581 3057 642 3141 οὐχ
655 3058 835 3122 ὑπόκειται.
863 3056 925 3121 οὐκ
939 3055 1124 3140 έφάήονται

112 3164 177 3248 άρα
200 3165 283 3229 κατά
305 3166 346 3228 τά
368 3163 492 3250 πέρατα
514 3173 572 3247 τής
595 3163 773 3250 διαμέτρου
796 3173 854 3248 τής
876 3166 1029 3248 σφαίρας.

113 3269 325 3280 —

184 3326 227 3374 49.
246 3320 294 3376 Vb.
369 3325 410 3374 50.
430 3319 478 3374 Vb.
553 3325 595 3374 51.
614 3321 661 3377 V¹.

184 3467 217 3516 27
246 3461 313 3531 ὅπερ
333 3463 384 3533 οόχ
402 3462 560 3534 ὑπόκειται]
580 3479 734 3532 suprascr.
