2334 3788
476 143 706 195 CATOPTRIGA.
1028 138 1094 203 315

83 289 192 350 autem
216 289 282 351 ΒΛ
311 287 352 350 ad
378 292 411 350 A
437 287 610 371 refractus,
641 291 673 351 et
696 290 847 351 cernatur
869 291 915 369 A,
947 289 1094 350 centrum

83 397 193 457 autem
216 393 370 476 sphaerae
394 393 437 457 sit
462 397 498 478 Z,
522 397 554 458 et
577 395 713 457 dueatur
736 379 812 477 ΑΖ,
833 392 1093 476 producaturque

664 499 772 563 radius
786 502 850 564 BA
864 499 903 563 ad
918 502 956 562 Ε.
983 498 1092 581 itaque

665 604 818 688 quoniam
840 604 875 668 in
897 604 1093 688 phaenome-

663 711 715 774 nis
739 711 944 795 suppositum
969 713 1032 794 est,
1065 711 1098 772 Γ

663 817 736 882 loco
752 820 908 901 occupato
924 837 992 879 non
1006 814 1093 880 cerni

596 918 619 969 Ζ
664 928 705 1007 A,
713 922 749 986 in
758 926 889 987 rectaA
895 923 1094 1006 Fproducta

664 1033 825 1114 cernetur,
851 1030 909 1094 ubi
934 1032 1008 1113 ΒΔ,
1027 1035 1060 1093 A
1066 1032 1099 1093 Γ

664 1140 874 1220 concurrunt,
905 1135 1029 1200 scilicet
1058 1135 1092 1200 in

663 1246 706 1326 E,
730 1241 814 1306 sicut
835 1242 870 1305 in
892 1242 1007 1325 planis.

562 1401 611 1466 18.

148 1502 186 1567 In
206 1504 343 1588 speculis
363 1504 513 1570 concauis
533 1507 649 1591 omnia,
673 1530 754 1592 quae
774 1513 958 1594 cernuntur,
982 1531 1092 1575 seeun-

82 1612 159 1674 dum
177 1616 299 1676 rectam
318 1612 358 1675 ab
379 1632 426 1695 cc,
446 1613 532 1695 quod
546 1613 696 1698 cernitur,
716 1615 757 1678 ad
771 1619 915 1680 centrum
937 1616 1092 1700 sphaerae

295 1765 331 1812 Ι,
508 1719 638 1783 ductam
661 1725 843 1785 cernuntur.

426 1877 452 1941 Δ
549 1825 618 1994 disit
637 1828 700 1995 sti
720 1827 1093 1998 speppllumdc‹prpcauunpi

511 1953 548 1994 ra
582 1953 620 1994 us
644 1954 685 1995 au
702 1953 753 1995 em
868 1955 887 1996 a
1027 1956 1069 1998 uo

509 2036 667 2121 cernitur,
714 2037 889 2124 refractus,
936 1956 1091 2123 sphailerae

508 2147 617 2207 autem
637 2147 784 2208 centrum
808 2143 851 2208 sit
874 2149 916 2227 E,
940 2150 972 2209 et
995 2147 1035 2210 ab
1059 2152 1092 2210 A

508 2249 548 2312 ad
584 2253 616 2313 E
651 2254 740 2314 recta
776 2251 911 2315 dueatur
947 2254 980 2316 et
1015 2275 1091 2337 pro-

508 2357 651 2420 ducatur.
670 2356 780 2439 itaque
790 2357 1092 2441 quoniaminphac·

506 2463 654 2528 nomenis
688 2463 891 2547 suppositum
923 2467 987 2548 est,
1017 2464 1090 2530 loco

81 2578 115 2638 A
143 2578 300 2658 occupato
331 2594 399 2637 non
426 2570 514 2637 cerni
541 2576 587 2656 A,
617 2569 664 2634 ita
690 2572 729 2634 ut
755 2570 937 2635 necessario
964 2570 1000 2634 in
1024 2576 1093 2634 ΑΕ

81 2678 239 2761 producta
270 2679 436 2764 adpareat,
467 2677 503 2740 in
529 2682 650 2761 puncto
679 2697 854 2741 concursus
886 2681 993 2742 rectae
1021 2682 1091 2741 ΑΔ

81 2783 226 2866 radiiquc
249 2786 316 2848 ΒΓ
335 2788 494 2868 cernetur,
517 2784 548 2846 h.
567 2804 592 2847 e.
615 2783 651 2846 in
675 2787 711 2847 Z.

562 2942 611 3006 19.

151 3048 191 3112 In
210 3048 348 3132 speculis
361 3049 467 3133 planis
485 3053 595 3133 partes
610 3048 740 3112 dextrae
760 3045 909 3110 sinistrae
929 3045 1094 3131 adparent,

84 3155 234 3220 sinistrae
258 3158 366 3219 autem
394 3155 523 3219 dextrae
529 3206 538 3240 ,
564 3154 738 3238 imagoqne
762 3151 805 3235 ci,
832 3151 919 3236 quod
942 3151 1093 3238 cernitur,

82 3260 240 3347 aequalis,
262 3265 295 3325 et
318 3260 473 3325 distantia
495 3283 514 3324 a
537 3260 668 3343 speculo
692 3256 835 3342 aequalis
857 3261 915 3322 est.

268 2203 306 2254 E

136 2413 171 2476 A

75 3434 229 3502 suprascr.
248 3436 286 3474 nr,
349 3418 382 3475 τό
392 3419 481 3493 (alan
501 3416 518 3476 d
537 3415 643 3493 ἀπέχει
661 3418 694 3474 τὶ)
716 3414 838 3472 εἴδωλον
855 3427 903 3462 nn.
970 3408 1027 3452 Ἃ.
1040 3395 1149 3452 tecm

64 3485 123 3536 ἐπὶ
141 3505 179 3556 '9³
197 3488 392 3565 ἆπθσΐῆμᾱΐι,
415 3490 432 3550 ὃ
452 3491 560 3569 ἀπέχει
579 3493 615 3550 τὸ
636 3492 793 3562 ὸρὼμενον
812 3501 858 3536 in.
