2334 3788
278 149 488 201 orrrcoaurr
505 150 683 201 rucuusro
702 151 868 203 rflaorus.
1011 147 1076 211 237

67 293 111 356 sit
134 297 243 356 autem
266 295 386 357 ΒΓΞ
401 296 433 357 A
439 298 480 377 Z,
508 296 540 356 et
564 292 685 356 eircum
708 296 777 357 ΒΓ
800 297 1002 377 segmentum
1027 294 1077 357 de-

67 399 237 484 scribatur,
255 399 341 483 quod
359 403 486 482 partem
506 398 671 462 dimidiam
691 399 803 484 anguli
820 402 854 462 K
870 398 985 482 capiat.
1017 399 1077 463 ita·

68 527 130 588 que
162 508 237 581 LK
254 537 294 558 =
316 507 387 568 ΒΔ.
443 527 521 591 ergo
551 509 615 569 ΛΖ
648 505 745 588 duplo
778 505 882 569 maior
910 505 1077 589 adparebit

68 611 163 694 quam
188 616 257 676 ΒΓ
276 611 378 676 oeulis
401 611 436 675 in
460 612 598 676 arcubus
623 614 693 675 ΛΚ
698 617 737 695 Ζ,
755 614 858 676 ΒΔΓ
874 612 1000 694 positia.

545 895 597 959 49.

133 1037 414 1123 Magnitudinibus
434 1035 561 1121 aequali
576 1035 740 1100 eeleritate
758 1036 857 1099 motis
872 1040 904 1099 et
917 1035 954 1098 in
966 1035 1078 1099 eadem
1145 1087 1147 1095 ⁴

66 1149 156 1209 reeta
186 1144 304 1228 positis
337 1144 376 1207 ad
414 1144 542 1208 oculum
576 1142 805 1207 adcedentibus
842 1141 958 1205 ultima
989 1163 1079 1225 prae-

67 1252 179 1315 cedere
193 1250 366 1335 uidebitur,
383 1249 632 1335 praetergressis
648 1253 757 1313 autem
770 1248 964 1331 praecedens
979 1248 1080 1334 sequi,

68 1378 207 1439 sequens
229 1356 420 1438 praecedere
432 1349 616 1419 uidebitur.

135 1480 262 1562 aequali
290 1480 375 1544 enim
401 1479 565 1544 eeleritate
589 1483 782 1544 moueantur
805 1481 876 1564 ΒΓ,
899 1484 932 1542 A
939 1483 979 1564 Z,
1002 1482 1079 1563 ΚΛ,

68 1592 102 1651 et
129 1586 169 1649 ab
193 1590 238 1649 M
260 1587 353 1651 oculo
382 1587 533 1651 adeidant
562 1585 643 1650 radii
667 1589 753 1670 ΜΓ,
772 1589 858 1670 ΜΖ,
876 1589 961 1651 ΜΛ.
1007 1588 1085 1650 ΜΓ

713 1691 816 1776 igitur
849 1714 865 1755 e
902 1692 1000 1756 radiis
1038 1692 1078 1755 ab

621 1780 659 1848 Ξ
715 1796 808 1861 oeulo
857 1797 1079 1861 adsidentibus

713 1903 853 1967 maxime
869 1903 1016 1967 sublimis
1030 1903 1080 1967 est

714 2014 746 2074 et
766 2010 806 2072 ad
823 2013 934 2092 partes
950 2010 1079 2072 dextras

623 2142 655 2199 Τ
712 2116 853 2202 positus3
886 2137 985 2200 quare
1017 2116 1085 2178 ΒΓ

713 2223 904 2307 praecedere
959 2220 1081 2284 uidebi-

715 2335 778 2394 tur.
831 2327 1081 2413 praetergressis

714 2440 823 2500 autem
842 2437 913 2518 ΒΓ,
927 2439 961 2497 Δ
967 2439 1003 2518 Ζ,
1017 2436 1082 2498 ΚΛ

632 2593 633 2596 ¹
716 2543 755 2606 ad
789 2546 827 2607 Ν
831 2541 871 2626 Ξ,
904 2546 981 2626 ΠΡ,
1015 2545 1087 2605 ΣΤ

714 2649 797 2714 radii
811 2653 899 2734 ΜΝ,
908 2653 995 2732 ΜΠ,
1006 2652 1084 2712 ΜΣ

717 2755 877 2820 adcidant.
919 2777 958 2818 ex
982 2752 1082 2817 omni-

69 2861 131 2923 bus
155 2858 257 2944 igitur
280 2858 394 2944 radiis,
421 2860 476 2942 qui
504 2861 544 2924 ab
569 2862 663 2924 oculo
687 2861 853 2943 adeidunt‚
880 2859 1019 2922 maxime
1042 2858 1082 2922 ad

69 2969 179 3050 partes
195 2964 324 3028 dextras
338 2964 464 3047 positus
480 2969 530 3030 est
544 2970 629 3050 ΜΣ,
647 2967 687 3030 ad
705 2966 852 3030 sinistras
868 2970 977 3029 autem
990 2968 1073 3028 MN
1074 2989 1082 3048 3

71 3093 170 3154 quare
203 3074 276 3134 ΣΤ
302 3071 491 3155 praecedere
523 3071 703 3158 uidebitur,
738 3076 777 3137 Ν
780 3072 810 3144 Ξ
839 3076 948 3135 autem
981 3071 1081 3154 sequi.

70 3199 149 3262 ergo
184 3179 253 3241 ΒΓ
279 3177 470 3262 magnitudo
497 3178 704 3263 praecedens,
737 3200 811 3241 eum
845 3178 885 3241 ad
911 3182 950 3241 Ν
952 3177 982 3250 Ξ
1009 3199 1082 3261 per-

70 3284 205 3370 uenerit,
227 3283 318 3367 sequi
336 3282 508 3366 uidebitur,
528 3286 599 3347 ΛΚ
613 3305 690 3348 uero
707 3305 853 3368 sequens,
871 3305 945 3346 eum
960 3284 1000 3346 ad
1015 3287 1088 3347 ΣΤ

69 3391 268 3476 peruenerit,
288 3389 478 3474 praecedere
502 3389 673 3454 uidebitur.
