2334 3788
81 140 144 206 186
287 140 498 196 OPI'ICORUM
515 141 695 194 REOENSIO
713 139 880 194 THEONIS.

78 287 116 351 τδ
134 284 353 371 ἡμισφαίριον
372 294 431 370 τῆς
449 289 594 372 σφαίρας
611 289 716 370 μόνον
733 284 919 370 ὀφθήσεται
937 283 1002 350 ὑπὸ
1022 295 1093 350 τῶν

81 396 118 476 Ζ,
136 396 168 457 A
190 391 355 477 ὀμμάτων.

552 533 615 604 κς’.

141 657 218 724 Ἐδιν
240 661 277 725 τὸ
305 671 373 725 τῶν
394 658 551 744 ὀμμάτων
574 659 737 744 διάστημα
760 663 870 744 μεῖζον
892 651 914 746 ᾖ
937 668 995 743 τῆς
1018 660 1090 724 δια-

43 762 198 851 ομέτρου
220 775 280 850 τῆς
302 769 456 851 σφαίρας,
481 765 701 851 ἡμισφαιρίου
724 769 835 850 μεῖζον
857 766 894 830 τὸ
918 765 1090 851 ὁρώμενον

76 879 135 954 τῆς
157 874 302 958 σφαίρας
324 872 519 956 ὀφδὴσεται.

66 988 70 995 ’
142 980 225 1044 ἔστω
248 980 311 1064 γὰρ
336 991 473 1064 σφαῖρα,
495 974 535 1061 ἡς
552 977 692 1065 κέντρον
710 980 747 1043 τὸ
768 981 810 1062 Κ,
834 989 902 1043 τῶν
925 975 962 1043 δέ
984 977 1089 1063 ὀμμοί-

77 1108 144 1149 των
171 1085 335 1170 διάστημα
366 1087 403 1151 τὸ
436 1088 504 1150 ΒΓ
530 1089 640 1170 μεῖζον
672 1085 712 1150 δν
740 1095 799 1170 τῆς
825 1083 1004 1172 διαμέτρου
1031 1095 1090 1169 τῆς

77 1195 231 1279 σφαίρας,
253 1191 309 1258 καὶ
332 1194 389 1258 διδι
411 1202 471 1258 τοῦ
490 1196 526 1257 Κ
544 1190 601 1258 καὶ
622 1202 681 1277 τῆς
698 1196 767 1258 ΒΓ
784 1191 996 1277 ἐκβεβλήσθω
1020 1192 1090 1257 ε’πί-

25 1315 58 1364 10
76 1300 180 1364 πεδον
206 1297 262 1364 καὶ
288 1303 420 1364 ποιείτω
450 1299 486 1364 ἐν
513 1308 552 1384 τῇ
582 1303 709 1387 σφαίρᾳ
735 1300 859 1365 κύκλον
886 1301 945 1364 τὸν
971 1305 1005 1364 Λ
1011 1303 1089 1383 ΖΝ,

75 1404 131 1471 καὶ
149 1404 444 1492 προσπιπτέτωσαν
462 1405 592 1482 ἀκτῖνες
609 1405 688 1471 καθ’
704 1407 742 1471 ἓν
760 1405 939 1490 ἁπτόμεναι
962 1407 1000 1471 αί
1016 1411 1089 1489 ΒΛ,

78 1515 148 1576 ΓΖ.
207 1512 332 1576 οὐκοῦν
368 1510 604 1596 ἐκβαλλόμεναι
640 1520 885 1596 συμπεσοῦνται
922 1511 1089 1596 ἄλλὴλαις,

78 1617 189 1701 ἐπειδὴ
212 1617 232 1701 ἡ
252 1620 320 1682 ΒΓ
337 1626 395 1701 τῆς
418 1616 455 1682 ἐν
473 1628 512 1703 τῇ
531 1620 658 1705 σφαίρᾳ
675 1617 852 1704 διαμέτρου
868 1621 992 1703 μείζων
1011 1618 1089 1683 ἐστί.

78 1723 353 1809 συμπιπτέτωσαν
380 1725 421 1807 δὴ
449 1725 532 1788 κατὰ
558 1724 595 1788 τὸ
622 1728 650 1789 Θ
677 1736 822 1808 σημείου.
868 1725 993 1790 οὐκοῦν
1020 1724 1090 1790 ἐπεὶ

25 1847 58 1896 15
78 1831 141 1898 ἀπὸ
165 1840 225 1896 τοῦ
251 1837 279 1895 Θ
302 1834 439 1914 σημείου
463 1832 500 1895 αί
522 1835 600 1914 ΘΖ,
622 1835 683 1895 ΘΔ
705 1829 784 1895 καθ’
805 1831 842 1896 ἓν
866 1830 1089 1917 ἐφαπτόμεναι

76 1939 382 2024 προσπεπτώκασιν,
405 1940 545 2002 ἔλασσον
567 1936 610 2001 δν
628 1942 678 2020 είὴ
697 1939 734 2001 τὸ
754 1942 855 2002 ΖΝΔ
877 1938 1089 2022 ἡμικυκλίου·

77 2046 114 2109 αί
134 2046 197 2130 γὰρ
224 2047 332 2126 ΘΖΚ,
353 2046 456 2108 ΘΑΚ
475 2046 594 2126 γωνίαι
616 2042 722 2129 ὀρθαί
741 2050 835 2109 εἰσιν.
871 2045 909 2108 τὸ
933 2046 997 2130 ἄρα
1020 2050 1089 2110 λοι-

76 2152 141 2215 πὸν
163 2160 221 2233 τὴς
244 2153 388 2235 σφαίρας
415 2154 525 2234 μεῖζον
547 2148 767 2236 ἡμισφαιρίου
790 2151 906 2237 δρᾶται
932 2150 998 2216 ὑπὸ
1021 2163 1090 2216 τῶν

76 2259 149 2339 ΒΛ,
169 2259 239 2320 ΓΖ.

24 2413 59 2462 20
554 2396 613 2477 κζ’.

141 2519 216 2586 Ἐδιν
239 2523 276 2586 τὸ
299 2533 367 2586 τῶν
390 2521 544 2606 ὀμμάτων
563 2523 726 2607 διάστημα
744 2526 884 2588 ἔλασσον
904 2516 923 2609 ᾖ
941 2532 999 2607 τὴς
1017 2523 1090 2587 δια-

77 2625 198 2713 μέτρου
215 2637 273 2712 τὴς
292 2631 446 2714 σφαίρας,
468 2630 505 2693 τὸ
522 2628 692 2715 δρώμενον
710 2639 768 2714 τῆς
786 2633 930 2716 σφαίρας
948 2633 1089 2694 ἔλασσον

76 2733 296 2820 ἡμισφαιρίου
314 2735 509 2819 ὀφθήσεται.

165 2844 247 2906 ἐστω
271 2842 334 2927 γὰρ
358 2854 499 2928 σφαῖρα,
527 2837 566 2925 ἡς
583 2841 723 2929 κέντρον
745 2845 781 2908 τὸ
805 2847 852 2926 Κ,
880 2854 947 2908 τῶν
970 2840 1007 2907 δὲ
1031 2841 1089 2926 ὀμ-

24 2947 190 3032 κομείτων
214 2947 376 3031 διάστημα
398 2948 435 3011 τὸ
455 2951 523 3012 ΒΓ
541 2952 677 3013 ἔλαττον
700 2948 740 3013 δν
758 2958 816 3032 τῆς
833 2947 1011 3034 διαμέτρου
1030 2957 1090 3031 τῆς

77 3058 231 3140 σφαίρας,
254 3052 309 3118 καὶ
332 3055 388 3118 διδ
411 3063 471 3118 τοῦ
490 3057 525 3117 Κ
544 3052 600 3118 καὶ
622 3064 680 3139 τὴς
698 3059 766 3120 ΒΓ
784 3055 995 3138 ἐκβεβλὴσθω
1020 3053 1089 3119 ἐπί-

76 3163 178 3226 πεδον
205 3158 261 3225 καὶ
287 3165 419 3226 ποιείτω
449 3160 485 3225 ἐν
512 3169 551 3244 τῇ
579 3165 706 3248 σφαίρᾳ
732 3163 856 3227 κύκλον
883 3164 942 3226 τὸν
971 3165 1088 3226 ΖΗΝ.

147 3430 171 3479 ό.
191 3422 374 3494 ἡμισφαίριον
393 3442 423 3492 v,
443 3426 472 3476 et
490 3442 520 3493 p,
545 3423 595 3476 sed
613 3441 681 3480 corr.
757 3432 797 3480 10.
817 3422 924 3480 ποιείτο
943 3443 968 3480 v,
1045 3430 1086 3480 11.

69 3495 224 3564 ακτῖνοςν,
245 3496 295 3550 sed
311 3512 379 3550 corr.
436 3491 479 3567 έν]
499 3492 532 3549 ὃν
546 3504 660 3566 σημεῖον
674 3515 700 3566 ν,
721 3506 835 3567 σημεῖον
855 3496 919 3551 add.
935 3514 970 3551 m.
986 3512 1041 3551 rec.
1053 3497 1086 3551 V.
