2334 3788
416 148 587 201 avernus
606 149 744 202 omer.
1067 142 1087 206 7

76 290 183 374 spatio
205 290 330 355 factum
351 313 418 355 non
439 291 506 356 iam
529 292 701 357 uidebitur.
742 293 800 356 fiat
823 292 910 357 enim
932 292 967 356 in
989 293 1089 357 inter-

76 396 181 461 medio
210 396 317 480 spatio
343 397 488 483 uisuum,
518 398 554 462 in
581 421 645 484 quo
668 399 695 462 k.
740 398 844 484 igitur
867 400 907 462 ad
930 399 950 462 t
976 398 1086 463 nullus

76 503 116 567 ab
144 504 162 568 b
193 503 325 568 risuum
352 505 484 569 accidet.
541 505 581 568 ad
609 506 695 589 quod
722 526 801 568 uero
828 504 919 568 uisus
946 526 1012 569 non
1039 505 1088 569 in-

74 609 197 695 cidunt,
219 609 300 674 illud
322 632 389 674 non
410 610 582 675 uidebitur.
623 611 876 695 unumquodque
900 633 977 697 ergo
1000 612 1087 676 uiso·

74 738 148 780 rum
174 716 274 781 habet
305 716 542 802 longitudinem
572 719 684 803 spatii,
716 740 780 803 quo
812 719 900 783 facto
927 718 994 783 iam
1020 740 1087 783 non
1123 729 1140 778 5

73 822 248 887 uidebitur.

140 955 337 1041 Aequalium
374 956 555 1041 spatiorum
591 961 624 1021 et
661 934 757 1042 saper
794 959 927 1022 eandem
962 961 1086 1022 rectam

73 1063 284 1145 exiatentium
307 1086 324 1129 e
348 1063 464 1128 maiori
488 1063 594 1148 spatio
617 1063 689 1127 uisa
711 1063 837 1128 minora
860 1067 1025 1147 apparent.

142 1170 209 1234 sint
223 1170 371 1254 aequalia
386 1170 492 1254 spatia
506 1192 603 1254 super
617 1171 751 1234 eandem
765 1175 888 1235 rectam
902 1171 954 1255 ab,
968 1171 1018 1255 ὀρ,
1029 1171 1086 1255 pd,

73 1277 287 1361 trahaturque
310 1276 583 1360 perpendicularis
606 1299 661 1362 ae,
684 1277 719 1341 in
742 1277 860 1361 quibus
883 1277 988 1342 iaceat
1012 1286 1138 1342 oen-10

73 1383 127 1446 lus
151 1404 175 1447 e.
220 1383 306 1468 dieo,
333 1384 419 1466 quod
446 1383 550 1448 maior
576 1384 744 1468 apparebit
768 1384 810 1447 ab
835 1382 963 1468 quidem
987 1406 1085 1468 quam

72 1490 115 1572 by
142 1493 176 1554 et
198 1490 240 1573 bp
267 1512 364 1574 quam
386 1490 441 1572 pd.
487 1490 635 1556 accidant
663 1490 749 1555 enim
776 1490 859 1554 radii
886 1492 938 1576 eb,
960 1511 1012 1575 ep,
1035 1492 1085 1575 ed,

72 1601 106 1659 et
138 1594 287 1659 trahatur
317 1617 375 1679 per
406 1600 563 1679 punctum
595 1597 612 1659 b
645 1600 751 1661 rectae
780 1618 822 1679 pe
852 1596 1008 1681 parallela
1035 1597 1084 1662 ba.

72 1701 217 1787 aequalis
241 1723 318 1786 ergo
341 1723 384 1767 aa
410 1706 500 1766 recta
522 1707 628 1767 rectae
652 1723 697 1768 ea.
743 1703 896 1787 quoniam
920 1701 1006 1766 enim
1028 1702 1085 1768 tri-

74 1807 152 1892 goni
175 1827 239 1888 aep
267 1807 352 1872 eirea
378 1831 479 1872 unum
501 1808 641 1872 laterum
660 1828 702 1890 pe
729 1809 826 1872 dueta
849 1813 899 1872 est
923 1812 1012 1873 reeta
1035 1808 1083 1892 br,
1104 1820 1138 1869 16

73 1916 124 1977 est
146 1912 249 1998 igitur
267 1914 353 1997 quod
372 1913 456 1978 sieut
474 1915 517 1996 by
540 1915 580 1978 ad
599 1914 651 1998 ba,
672 1915 721 1978 ita
738 1934 776 1979 ea
795 1914 835 1977 ad
853 1935 903 1978 ra.
940 1914 1083 1999 aequalis

74 2040 151 2105 ergo
184 2040 240 2104 aa,
271 2023 308 2083 ut
340 2019 464 2084 dietum
497 2025 560 2105 est,
591 2041 636 2086 ae.
686 2020 792 2084 maius
819 2042 897 2085 uero
928 2022 1016 2086 latus
1043 2022 1084 2088 ba

74 2147 172 2208 quam
189 2146 240 2191 aa.
282 2125 427 2210 aequalis
450 2147 528 2190 uero
551 2146 595 2191 aa
611 2146 658 2191 ze.
694 2126 798 2189 maior
819 2126 921 2211 igitur
944 2128 1082 2212 angulus

71 2232 131 2296 reb
150 2232 270 2318 angulo
284 2232 352 2297 abe.
385 2232 524 2317 angulus
539 2254 666 2316 quoque
677 2232 738 2297 abe
756 2231 875 2316 angulo
889 2233 951 2314 hep
968 2255 1083 2318 aequa·

144 2395 167 2441 1.
186 2386 228 2459 in]
247 2388 282 2456 L,
301 2405 351 2442 om.
370 2389 408 2443 D.
489 2394 514 2443 4.
534 2390 612 2460 ergo]
631 2389 667 2456 L,
685 2387 773 2457 igitur
790 2388 828 2442 D.
913 2394 938 2443 5.
957 2388 1027 2462 iam]
1046 2391 1082 2459 L,

71 2474 121 2512 om.
141 2460 179 2513 D,
253 2465 294 2514 16.
314 2459 401 2530 quod]
420 2482 440 2528 p
458 2460 488 2514 D
507 2459 609 2530 (que?).

71 2619 125 2674 del.
144 2619 181 2674 τά
198 2639 234 2674 m.
254 2626 279 2674 2.
298 2621 331 2675 V.
422 2625 463 2676 15.
493 2618 557 2691 καί]
586 2637 639 2676 om.
658 2639 684 2674 v.
774 2621 844 2692 ΑΕ]
873 2624 898 2674 Ε
919 2620 950 2674 in
973 2639 1027 2677 ras.
1046 2623 1080 2677 V.

108 2696 149 2745 18.
169 2693 230 2763 ΓΔ]
251 2694 307 2746 ΝΔ
325 2710 350 2746 v.
437 2696 478 2746 19.
499 2693 571 2764 ΕΓ]
591 2695 644 2745 ΕΒ
662 2710 688 2745 v.
768 2697 809 2745 20.
828 2693 874 2817 app
894 2709 909 2746 e
928 2709 995 2747 corr.
1015 2693 1080 2748 Vat.

108 2763 176 2833 ΓΕ]
196 2766 254 2816 ΕΓ
268 2781 304 2817 m.
395 2768 437 2817 22.
462 2758 547 2833 ἐστίν]
571 2778 624 2818 orn.
643 2763 767 2817 BVat.v.
872 2760 934 2834 πεί]
958 2781 1026 2819 corr.
1047 2781 1081 2818 ex

70 2857 118 2914 ἐπί
136 2860 168 2914 V.
242 2865 283 2914 23.
302 2860 404 2931 ΑΕΓ]
423 2863 552 2914 ΚΕΓν.
625 2858 717 2985 arpo&
734 2857 797 2928 περί
815 2837 972 2931 ῃῗῖῑῑπ.
1037 2868 1079 2917 25.

71 2932 208 3002 ΓΒ]ΒΓ
222 2931 348 2986 BVat.v.
439 2931 500 3002 ΒΑ]
523 2930 576 3000 τὴν
595 2931 685 2985 ΒΑΒ
717 2933 787 2986 atv.
881 2933 941 3002 ZA]
958 2932 1010 3002 τὴν
1032 2937 1079 2987 ΖΑ

68 3003 194 3056 BVat.v.
267 3008 309 3056 26.
329 2999 415 3074 ἐστίν]
435 3019 487 3056 om.
503 3002 568 3056 Vat.
640 3002 713 3056 Dein
732 3002 786 3057 del.
805 3011 839 3074 τῇ
852 3001 913 3056 ’ΖΕ
931 3001 1029 3071 μείζων
1047 3004 1079 3060 Β.

106 3071 155 3153 δέ]
173 3089 240 3127 corr.
257 3090 291 3127 ex
309 3073 346 3142 δή
363 3074 397 3142 V,
417 3069 468 3129 οὖν
486 3073 612 3128 BVatv.
685 3080 727 3128 27.
746 3082 795 3143 τῆς
810 3075 883 3146 (pr.)]
901 3083 935 3146 τῇ
953 3074 1078 3129 BVat.v.

104 3144 177 3197 Dem
191 3143 254 3199 add.
271 3143 315 3214 ἴση
330 3141 393 3214 etta)
411 3149 458 3198 ΖΑ
477 3153 511 3216 τῇ
527 3148 579 3198 ΖΕ
596 3145 721 3200 Evam.
777 3143 875 3213 μείζων
885 3147 946 3214 (pr.)
962 3177 994 3184 —
1012 3149 1063 3199 ΖΕ

68 3231 122 3269 om.
142 3215 238 3269 Vatv.
303 3213 402 3284 μείζων
421 3218 482 3286 (pr.)
502 3247 536 3257 -
555 3221 597 3270 28.
617 3215 685 3286 ἄρα]
704 3215 734 3268 in
753 3233 807 3271 ras.
826 3216 859 3270 V.
924 3220 966 3269 28.
987 3219 1067 3270 ΖΕΒ

69 3290 94 3340 Ε
114 3302 129 3340 e
148 3303 216 3339 corr.
235 3286 266 3355 B,
289 3291 338 3341 ΖΒ
356 3305 382 3341 v.
438 3284 551 3358 γωνίας]
570 3285 659 3356 γωνία
679 3287 711 3341 V.
755 3288 831 3358 ,τῆς]
849 3305 885 3340 m.
906 3293 922 3339 2
941 3302 975 3338 ex
992 3295 1026 3358 τῇ
1073 3331 1078 3341 .

106 3357 367 3428 ZBEJEinras.
386 3358 419 3413 V.
497 3359 547 3414 nat
564 3355 683 3430 23]th
701 3375 737 3428 m,
757 3356 905 3411 etinras.
924 3357 958 3412 V.
1036 3364 1077 3413 29.

70 3429 288 3500 ZBE]eeorr.
306 3429 381 3499 vat,
407 3433 486 3483 ΖΕΒ
505 3448 530 3483 v.
618 3429 903 3502 BErlssENssr.
987 3431 1098 3494 HQ

67 3503 121 3554 ΕΒ
139 3517 166 3554 r.
