2334 3788
73 117 136 183 178
280 118 492 173 οννιοοωσν
509 119 688 172 nmmo
708 118 874 172 νωιιοαιε.

556 321 597 362 κ.

142 405 190 470 Τὸ
214 401 319 471 δοθὲν
342 405 449 490 βάθος
472 404 666 488 ἐπιγνῶναι,
689 407 830 487 πηλίκον
854 403 952 469 ἐστίν.

137 515 220 576 ἔστω
239 512 302 597 γάρ
319 513 357 577 τὸ
371 511 488 596 βάθος,
507 510 525 576 δ
545 512 599 576 δεῖ
615 510 805 594 ἐπιγνῶναι,
822 513 963 593 πηλίκον
981 509 1086 594 ἐστίν,

69 619 107 684 τὸ
126 622 203 703 ΚΒ,
225 616 280 684 καὶ
298 621 422 683 κείσθω
441 619 529 702 όμμα
547 619 584 683 τὸ
602 623 646 701 Δ,
668 615 725 683 καὶ
742 614 970 703 προσπιπτέτω
989 615 1085 693 άκτὶς

34 724 90 807 5η
118 728 225 789 ΔΛΚ
253 726 300 800 είς
331 725 369 789 τὸ
401 723 523 808 βάθος,
555 722 611 788 καὶ
642 725 737 808 ἤχθω

69 829 133 896 ἀπὸ
165 839 225 895 τοῦ
253 836 287 896 Δ
312 831 402 915 παρὰ
435 831 497 913 τὴν
522 834 592 895 ΒΚ
617 830 637 913 ἡ
661 836 737 896 ΔΖ.
1045 821 1075 884 Δ

69 935 139 1002 ἐπεὶ
154 936 363 1023 παράλληλός
377 935 467 1001 ε’στιν
485 935 505 1019 η
520 940 590 1001 ΒΚ
606 947 646 1023 τῇ
659 943 737 1021 ΔΖ,

67 1041 123 1109 καὶ
147 1042 354 1128 ἐμπέπτωκεν
376 1041 397 1124 η
416 1046 497 1126 ΔΚ,
520 1043 578 1119 τάς
599 1042 736 1122 ἐναλλάξ
791 1063 824 1120 Β
942 1056 971 1115 Λ

68 1153 191 1233 γωνίας
218 1151 277 1226 τάς
303 1149 368 1214 ὑπὸ
391 1152 509 1232 ΒΚΛ,
533 1153 636 1213 ΛΛΖ
664 1156 737 1227 ῖσας

16 1268 49 1319 10
69 1256 225 1340 ἀλλήλαις
242 1267 339 1321 ποιεῖ.
377 1253 441 1319 είσὶ
464 1253 501 1319 δὲ
523 1254 579 1321 καὶ
601 1256 639 1320 αί
654 1259 736 1321 κατά

66 1364 221 1449 κορυφὴν
248 1363 286 1426 αί
309 1361 393 1446 πρὸς
414 1370 461 1449 τῷ
485 1365 517 1426 Λ
545 1367 613 1426 ἴσαι
637 1361 735 1446 ἀλλη-

67 1475 153 1545 λαις·
188 1466 245 1534 καὶ
276 1466 297 1549 η
332 1469 430 1551 λοιπὴ
462 1468 527 1553 ἄρα
558 1471 664 1550 γωνία
695 1479 735 1554 τῇ

66 1580 164 1660 λοιπῇ
184 1581 238 1658 ῖση
258 1574 356 1640 ἐστίν.
390 1575 567 1657 ἰσογώνιον
586 1575 649 1660 άρα
664 1573 733 1639 ἐστὶ

65 1682 103 1746 τὸ
132 1684 234 1746 ΒΚΛ
265 1683 430 1766 τρίγωνον
456 1690 502 1769 τῷ
528 1683 632 1744 ΛΛΖ
663 1704 731 1766 τρι·
782 1729 821 1782 K

13 1801 46 1850 15
65 1789 172 1877 γόνῳ.
228 1791 317 1854 ἔστιν
340 1789 418 1873 άρα,
446 1787 491 1864 ὡς
513 1786 533 1870 ἡ
557 1791 623 1852 ΛΖ
649 1788 732 1873 πρὸς

1040 1116 1065 1168 Β

956 1738 995 1790 Γ

66 1901 142 1980 ΖΔ,
165 1894 186 1978 ἡ
206 1899 271 1959 ΛΒ
294 1896 377 1981 πρὸς
395 1898 469 1958 ΒΚ.
511 1891 626 1970 δοθεὶς
649 1890 686 1958 δὲ
709 1894 803 1978 ὁτῆς
822 1900 887 1960 ΛΖ
910 1899 992 1982 πρὸς
1012 1901 1079 1960 ΖΔ

66 2005 176 2084 λόγος·
203 2000 317 2079 δοθεὶς
335 2003 399 2087 ἄρα
417 1999 473 2066 καὶ
491 2000 509 2066 ὁ
528 2009 587 2085 τῆς
605 2005 671 2065 ΛΒ
688 2003 772 2087 πρὸς
790 2006 859 2067 ΒΚ
879 2005 985 2084 λόγος.
1021 2006 1082 2067 καί

65 2108 134 2174 ἐστι
157 2111 296 2175 δοθεῖσα
319 2108 339 2191 ἡ
364 2112 442 2172 ΛΒ·
471 2109 610 2173 δοθεῖσα
633 2109 698 2194 άρα
719 2107 818 2191 καὶὴ
841 2113 916 2173 ΒΚ.

537 2326 601 2366 κα.

10 2421 46 2470 20
136 2410 184 2473 Τὸ
208 2405 313 2472 δοθὲν
335 2417 438 2492 μῆκος
461 2407 655 2491 ἐπιγνῶναι,
678 2414 819 2492 πηλίκον
843 2409 941 2474 ἐστίν.

131 2518 212 2580 ε”στω
237 2514 315 2599 γάρ,
343 2513 361 2578 δ
385 2515 438 2577 δεῖ
458 2523 560 2597 μῆκος
582 2513 777 2600 ἐπιγνῶναι,
805 2520 945 2599 πηλίκον
974 2515 1076 2600 ἐστίν,

64 2623 100 2686 τὸ
119 2625 191 2686 ΒΓ.
237 2624 361 2685 κείσθω
385 2621 426 2703 δη
450 2621 538 2704 όμμα
560 2622 597 2685 τὸ
616 2627 660 2704 Δ,
684 2620 743 2706 ἀφ’
765 2618 805 2687 οὗ
828 2622 1074 2709 προσπιπτέτω-

64 2745 127 2793 σαν
150 2729 279 2803 ἀκτῖνες
300 2728 337 2791 αί
357 2731 439 2809 ΛΒ,
462 2730 538 2810 ΛΓ,
561 2726 616 2791 καὶ
640 2727 703 2792 άπὸ
731 2738 791 2793 τοῦ
816 2734 843 2793 Ζ
866 2731 961 2813 ἤχθω
984 2731 1074 2814 παρὰ

63 2836 124 2918 την
147 2837 214 2898 ΒΓ
235 2832 256 2916 ἡ
281 2836 355 2897 ΖΚ.
401 2833 526 2899 οὐκοῦν
549 2833 653 2917 ἐστιν,
682 2835 727 2911 ὡς
749 2835 769 2919 η
795 2838 863 2899 ΖΚ
886 2837 969 2922 πρὸς
991 2839 1075 2918 ΚΛ,

8 2940 83 3023 25η
107 2945 175 3006 ΒΓ
195 2941 278 3026 πρὸς
301 2937 378 3006 ΓΛ.
422 2942 587 3027 γνώριμος
614 2938 650 3004 δὲ
678 2941 695 3007 ὁ
723 2950 781 3024 τῆς
804 2945 873 3006 ΖΚ
896 2944 979 3028 πρὸς
1001 2945 1073 3006 ΚΔ

62 3050 170 3131 λόγος·
204 3049 370 3132 γνώριμος
397 3049 461 3133 άρα
483 3045 538 3111 καὶ
562 3047 579 3113 ὁ
603 3056 660 3131 τῆς
683 3051 751 3112 ΒΓ
776 3050 858 3134 πρὸς
882 3052 942 3123 ΓΔ
965 3051 1073 3131 λόγος.

61 3152 116 3218 καὶ
139 3155 305 3240 γνώριμος
327 3153 347 3236 ἡ
373 3157 444 3218 ΓΔ’
468 3154 634 3239 γνώριμος
657 3155 721 3240 άρα
744 3153 799 3218 καὶ
821 3153 841 3236 ἡ
867 3158 937 3219 ΓΒ.

133 3333 156 3382 3.
182 3325 266 3399 ἐστίν]
291 3325 347 3382 ἐστί
364 3327 421 3397 Vp.
512 3333 536 3381 4.
561 3329 629 3399 KB]
654 3325 721 3383 coi’r.
741 3345 775 3381 ex
794 3333 852 3382 ΚΓ
871 3347 895 3382 v.
987 3347 1073 3397 προσ-

61 3397 176 3453 πιπτέτο
194 3418 220 3453 v.
311 3405 334 3453 ὁ.
358 3399 389 3452 τὸ
409 3396 516 3470 βάθος]
539 3401 608 3454 mut.
628 3399 658 3452 in
680 3400 711 3454 τὸ
731 3398 817 3468 πέρας
835 3408 884 3453 τοῦ
904 3398 1015 3470 βάθους
1033 3419 1070 3455 m.

53 3486 109 3524 reo,
134 3470 164 3523 V.
260 3475 282 3524 6,
312 3470 402 3539 Supra
425 3468 503 3538 παρά
526 3470 590 3525 add.
614 3469 676 3538 ἤτοι
699 3470 873 3541 παράλληλος
899 3489 934 3525 m.
958 3487 1012 3526 rec.
1036 3471 1072 3526 V.
