2334 3788
296 151 505 203 orncoauu
524 151 702 204 anonusro
721 152 887 204 rnaours.
1035 148 1097 213 171

569 313 618 376 12.

151 417 428 503 Magnitudinem,
462 439 543 503 quae
572 417 613 482 ad
640 421 750 502 partes
779 418 956 482 anteriores
984 440 1098 485 uersus

82 523 321 609 longitudinem
340 523 471 607 habent,
495 545 542 609 ea,
561 545 642 607 quae
662 524 703 588 ad
722 523 867 588 dextram
886 524 994 609 posita
1013 530 1098 608 sunt,

84 630 126 694 ad
149 633 275 714 partem
300 630 467 722 sinistram
491 631 602 694 cedere
625 628 791 715 uidentur,
819 652 901 714 quae
925 635 1033 696 autem
1057 631 1098 696 ad

84 736 252 801 sinistram
276 736 385 821 posita
408 741 493 821 sunt,
516 736 557 800 ad
578 740 705 820 partem
729 737 882 802 dextram.

151 847 325 908 cernantur
348 843 435 909 enim
457 846 534 928 ΒΓ,
553 848 634 927 ΔΖ,
662 843 773 909 oculus
801 848 911 909 autem
938 845 982 909 sit
1005 849 1050 929 K,
1078 867 1097 909 a

84 971 148 1032 quo
172 948 254 1014 radii
278 949 429 1014 adcidant
449 953 524 1035 ΚΓ,
542 953 620 1035 ΚΑ,
640 954 714 1034 ΚΒ,
733 953 807 1035 ΚΖ,
826 954 906 1036 ΚΗ,
925 955 1001 1015 ΚΔ.
1038 953 1099 1016 ita-

83 1045 145 1139 que
173 1060 330 1140 punctum
357 1061 391 1120 A
423 1057 462 1120 ad
489 1060 599 1140 partes
628 1057 776 1121 sinistras
805 1057 939 1122 cessisse
967 1057 1096 1122 uidetur

83 1162 188 1247 magis
212 1185 310 1247 quam
333 1166 376 1226 H.
423 1161 573 1227 similiter
602 1168 711 1228 autem
738 1162 837 1227 etiam
860 1166 888 1226 Β
918 1163 958 1227 ad
984 1169 1094 1248 partes

83 1267 213 1332 dextras
238 1268 373 1333 cessisse
396 1269 526 1333 uidetur
549 1269 654 1355 magis
679 1292 775 1354 quam
795 1275 835 1334 A.
872 1291 950 1355 ergo
974 1271 1097 1356 magni-

81 1374 245 1460 tudinum,
277 1397 358 1458 quae
391 1376 431 1440 ad
457 1380 566 1461 partes
600 1375 779 1440 anteriores
809 1397 923 1440 uersus
954 1377 1096 1463 longitu-

84 1479 191 1544 dinem
215 1481 352 1567 habent,
379 1504 429 1567 ea,
458 1504 539 1566 quae
568 1483 609 1546 ad
632 1483 779 1547 dextram
806 1483 914 1567 posita
937 1488 1028 1568 sunt,
1055 1484 1096 1548 ad

81 1591 208 1671 partem
244 1585 410 1652 sinistram
443 1589 554 1653 cedere
586 1589 750 1673 uidentur,
789 1612 870 1674 quae
908 1594 1017 1655 autem
1054 1591 1094 1655 ad

82 1692 250 1757 sinistram
273 1694 381 1777 posita
405 1699 494 1780 sunt,
518 1695 558 1759 ad
580 1699 707 1780 partem
730 1697 884 1761 dextram.

565 1856 614 1919 13.

153 1957 416 2045 Magnitudinum
453 1961 636 2044 aequalium
678 1961 738 2025 sub
782 1961 875 2026 oculo
912 1961 1094 2046 positarum

84 2064 328 2150 longinquiores
353 2065 558 2132 sublimiores
583 2069 746 2151 adparent.
783 2089 787 2097 ·

579 2174 645 2238 sint
681 2174 768 2239 enim
804 2177 882 2259 ΒΓ,
913 2178 994 2260 ΔΖ,
1026 2178 1094 2239 ΚΛ

507 2281 748 2368 magnitudines
763 2281 913 2367 aequales
928 2282 988 2346 sub
1000 2281 1093 2346 oculo

507 2393 546 2453 N
563 2390 700 2474 positae,
722 2392 756 2453 et
775 2389 816 2452 ab
835 2393 874 2453 N
894 2387 988 2453 oculo
1011 2387 1093 2452 radii

507 2495 659 2560 adcidant
685 2498 768 2581 ΒΝ,
794 2499 877 2578 ΝΔ,
901 2497 981 2559 ΝΚ
1034 2493 1095 2558 ita

507 2624 570 2686 que
601 2604 673 2666 ΝΒ
712 2601 845 2685 reliquis
881 2600 981 2665 radiis
1018 2600 1093 2665 sub·

507 2707 706 2826 111111011οε1,
741 2728 839 2791 quare
867 2706 966 2771 etiam
994 2728 1094 2790 punc·

506 2817 577 2878 tum
600 2817 638 2878 Β.
690 2813 800 2898 itaque
828 2815 899 2877 ΒΓ
922 2811 1093 2877 sublimior

507 2921 640 3004 adparet
664 2941 760 3004 quam
783 2925 817 2984 A
823 2923 864 3004 Z
887 2923 921 2982 Δ
927 2923 954 2981 Ζ
983 2921 1093 2983 autem

80 3049 179 3110 quam
197 3030 274 3092 ΚΛ.
320 3049 398 3114 ergo
421 3026 682 3113 magnitudinum
705 3025 891 3110 aequalium
914 3023 975 3089 sub
995 3023 1089 3089 001110

79 3134 167 3217 posit
169 3155 260 3198 arum
282 3133 527 3220 longinquiores
550 3132 755 3198 sublimiores
779 3133 942 3218 adparent.

562 3275 610 3338 14.

147 3380 411 3468 Magnitudinum
433 3380 617 3467 aequalium
641 3403 738 3467 supra
761 3380 891 3446 oculum
908 3378 1103 3465 positarum

79 3485 324 3573 longinquiores
347 3487 553 3553 demissiores
576 3487 745 3574 adparent
1034 3470 1106 3557 :J

102 2888 243 2946 “I'·Z
315 2892 346 2950 A
