2334 3788
99 109 143 175 90
438 107 610 161 Ευοτιοιε
629 106 768 161 0ch.

99 252 303 340 ὑποκειμένῳ
328 250 481 340 ἐπιπέδῳ,
505 250 593 336 ὄμμα
616 247 653 315 δὲ
676 253 757 315 ἔστω
781 250 818 314 τὸ
838 252 873 313 Γ.
912 245 967 313 καὶ
985 245 1111 335 κέντρῳ

99 357 160 444 μέν
187 369 233 448 τῷ
262 364 305 444 Β,
334 361 529 443 διαστήματι
557 354 594 423 δὲ
621 366 666 446 τῷ
690 360 758 421 ΒΓ
784 357 904 431 κύκλος
930 355 1112 439 γεγράφθω

100 467 215 532 ὁΓΔ.
260 465 359 549 λέγω,
391 465 457 548 ὄτι,
485 464 543 529 ἐὰν
570 467 664 548 μεθί-

100 589 214 656 στήται
228 574 264 638 τὸ
280 574 312 636 Γ
326 571 378 637 ἐπὶ
392 581 450 656 τῆς
467 581 525 636 τοῦ
540 572 664 636 κύκλου

65 681 322 764 ὅπεριφερείας,
354 685 427 743 ίσον
456 676 507 743 ἀεὶ
533 679 570 742 τὸ
598 682 664 742 AB

101 788 290 870 φανήσεται.
331 793 429 849 τοῦτο
458 781 494 849 δέ
517 787 665 869 φανερόν

101 891 199 956 ἐστιν.
238 900 339 956 πᾶσαι
358 893 420 976 γὰρ
436 893 473 956 αί
485 890 549 955 ἀπὸ
563 900 623 955 τοῦ
638 894 671 955 Γ

101 1000 238 1082 σημείου
274 999 357 1083 πρὸς
393 999 430 1062 τὸ
463 1003 495 1062 Α
503 1002 532 1061 Β
563 1014 665 1082 προσ-

100 1107 279 1170 πίπτουσαι
293 1103 422 1180 ἀκτῖνες
430 1105 513 1189 πρὸς
524 1110 596 1180 λ’σας
606 1128 666 1187 γω-

49 1223 83 1272 10
101 1214 175 1287 νίας
192 1213 467 1296 προσπίπτουσιν,
491 1210 663 1296 ἐπειδήπερ
685 1232 709 1265 u

101 1316 121 1400 ή
149 1318 232 1402 πρὸς
259 1328 304 1405 τῷ
327 1321 355 1380 Β
383 1320 489 1399 γωνία
516 1317 604 1402 ὀρθή
630 1317 728 1383 έστιν.
775 1323 850 1382 ίσον
873 1318 936 1401 ἄρα
964 1316 1000 1379 τὸ
1029 1315 1114 1399 ὁρώ-

101 1445 202 1506 μενον
225 1421 419 1506 ὀφθήσεται.

576 1580 644 1666 νβ’·

173 1709 239 1770 Τοῦ
263 1704 433 1792 ὁρωμένου
456 1705 624 1790 μένοντος,
647 1714 707 1771 τοῦ
732 1703 768 1771 δὲ
792 1704 937 1790 ὄμματος
957 1711 1114 1790 μεθιστα-

51 1825 84 1874 15
102 1810 204 1895 μένον
231 1811 303 1877 κατ’
330 1813 467 1878 εὐθεῖαν
496 1814 648 1900 γραμμήν
679 1816 823 1896 πλαγίαν
855 1812 937 1897 πρὸς
964 1812 1001 1875 τὸ
1030 1810 1114 1896 ὁρώ-

102 1941 203 2001 μενον
231 1917 371 2002 μέγεθος
399 1915 505 1984 οὖσαν
531 1915 610 1984 ποτὲ
635 1916 696 2004 μέν
720 1925 808 2002 ίσον,
834 1914 914 1983 ποτὲ
937 1914 974 1982 δέ
997 1919 1114 1981 ἄνισον

102 2025 139 2088 τὸ
164 2023 333 2110 ὁρώμενον
357 2029 520 2109 φαίνεται.

169 2133 250 2194 έστω
275 2131 445 2217 ὁρώμενον
463 2130 523 2217 μέν
541 2133 578 2197 τὸ
597 2137 674 2215 ΑΒ,
698 2131 801 2216 [ὄμμα
821 2128 857 2195 δὲ
876 2133 913 2195 τὸ
932 2131 979 2214 Ε]
999 2131 1114 2195 εὐθεῖα

103 2231 140 2299 δὲ
171 2240 294 2317 πλαγία
325 2238 345 2322 ή
370 2242 445 2322 ΓΔ,
477 2237 533 2303 καὶ
566 2240 865 2323 προσεκβεβλήσθω
898 2246 937 2322 τῇ
967 2241 1029 2300 ΒΑ
1061 2234 1111 2301 ἐπ’

50 2354 84 2403 20
103 2341 236 2417 εὐθείας
263 2342 282 2425 ἡ
312 2346 372 2407 ΓΑ
403 2342 458 2408 καὶ
487 2342 699 2428 συμβαλλέτω
729 2355 768 2429 τή
795 2347 867 2408 ΛΓ
893 2344 975 2409 κατὰ
1008 2344 1046 2408 τὸ
1076 2346 1113 2425 Γ,

103 2443 158 2510 καὶ
185 2447 399 2530 μεθιστύσθω
424 2448 474 2514 ἐπ’
496 2450 597 2534 αὐτῆς
623 2451 659 2514 τὸ
683 2449 779 2534 ὄμμα.
830 2448 930 2533 λέγω,
958 2450 1009 2514 ὄτι
1035 2445 1114 2513 ποτὲ

103 2548 163 2636 μὲν
188 2558 275 2637 ίσον,
303 2551 381 2619 ποτὲ
405 2553 441 2619 δὲ
464 2557 582 2620 ὄνισον
605 2559 757 2640 φαίνεται
780 2558 816 2621 τὸ
840 2562 915 2621 ΑΒ.
962 2557 1113 2640 εἰλήφθω

103 2662 166 2746 γὰρ
194 2671 261 2724 τῶν
289 2664 365 2744 ΒΓ,
390 2665 450 2726 ΓΑ
481 2661 562 2745 μέση
592 2662 757 2746 ἀνάλογον
789 2662 809 2746 ή
839 2667 915 2745 ΓΕ,
947 2660 1003 2726 καὶ
1031 2665 1113 2726 ἔστω

104 2766 192 2852 ὄμμα
214 2768 251 2832 τὸ
270 2772 302 2831 Ε
322 2765 378 2831 καὶ
396 2770 661 2852 μετακεκινήσθω
685 2767 740 2832 καὶ
759 2771 841 2833 ἔστω
866 2767 918 2833 ἐπὶ
936 2779 994 2852 τής
1012 2769 1114 2853 αὐτῆς

51 2885 84 2934 25
103 2875 236 2950 εὐθείας
259 2874 341 2937 κατὰ
363 2874 400 2938 τὸ
419 2879 460 2938 Δ.
498 2873 592 2958 λέγω,
615 2875 665 2939 ὄτι
688 2875 724 2939 τὸ
748 2875 812 2939 ὑπὸ
831 2886 898 2939 τῶν
917 2879 956 2958 Ε,
973 2880 1007 2939 Δ
1030 2874 1114 2960 ὁρώ-

102 3004 204 3065 μενον
226 2982 344 3045 ὄνισον
367 2983 528 3065 φαίνεται.
566 2981 814 3066 ἐπεζεύχθωσαν
837 2982 965 3047 εὐθεῖαι
985 2983 1022 3047 αί
1036 2988 1113 3066 ΑΕ,

174 3179 198 3227 1.
217 3169 347 3242 κέντρον,
367 3189 434 3227 corr.
454 3191 489 3227 m.
511 3179 535 3242 2,
555 3173 658 3229 vam.
730 3179 755 3227 2.
776 3173 809 3244 B]
828 3179 850 3226 A
868 3175 994 3229 βούλει.
1068 3195 1113 3244 γε·

102 3243 235 3316 γραίφθω]
256 3245 271 3299 ὁ
285 3251 316 3316 ’γ“ε
330 3242 452 3313 γρύφθω
466 3245 540 3314 vat„
560 3245 610 3298 sed
624 3261 706 3313 ουτως
726 3245 741 3299 ὁ
756 3243 910 3314 γεγράφθω
924 3264 950 3300 v,
1009 3252 1034 3300 4.
1050 3255 1100 3300 τοῦ

103 3332 155 3371 om.
175 3334 201 3370 v.
279 3324 302 3372 7.
323 3314 378 3369 ἐστι
397 3315 525 3370 Vat.mv.
614 3321 654 3370 10.
674 3313 897 3384 προσπίπτουσαι
916 3335 941 3372 v,
1016 3323 1100 3371 11.B

102 3403 170 3442 corr.
186 3404 220 3442 ex
240 3388 345 3441 PVat.
419 3392 459 3441 13.
480 3387 541 3458 μβ]
562 3404 614 3442 om.
630 3405 655 3457 v,
675 3388 723 3442 ου’
739 3387 772 3456 V,
792 3388 845 3456 μθ’
861 3388 1012 3443 m.2Vat.
1070 3394 1112 3443 1ο.

101 3457 144 3529 τό]
163 3464 200 3531 τῷ
219 3476 244 3512 v.
327 3463 368 3512 17.
389 3455 521 3529 φαίνεται
538 3458 569 3513 τὸ
589 3458 731 3527 ὁρώμενον
749 3476 785 3513 m.
869 3463 909 3513 18.
929 3456 992 3531 μέν]
1013 3476 1065 3515 om.
1086 3479 1111 3515 v.
