2334 3788
73 144 93 209 6
421 144 590 197 τοοτιοιε
611 145 749 197 οΡνιοΑ.

72 288 183 354 οὐκέτι
214 288 423 375 ὁραθήσεται.
481 290 671 372 γεγενήσθω
704 288 768 373 γὰρ
919 307 964 370 1(
1052 285 1084 425 s

71 397 109 461 τὸ
130 399 190 460 ΓΛ
213 395 249 461 ε’ν
272 405 317 483 τῷ
340 393 459 480 μεταξὺ
484 397 678 480 διαστήματι
701 405 770 459 τῶν
856 383 1041 392 ‘—

72 504 196 586 ὅήιεων,
229 501 283 587 ἐφ’
309 499 349 568 οὐ
377 504 414 567 τὸ
442 506 482 567 Κ.
535 503 659 567 οὐκοῦν
686 503 769 587 πρὸς

23 689 24 693 ¹
71 610 109 674 τὸ
133 612 168 672 Κ
188 609 326 694 οὐδεμία
349 621 416 674 τῶν
440 609 504 675 ἀπὸ
527 618 587 673 τοῦ
608 614 636 673 Β
660 610 769 685 ὄψεων

37 723 316 801 ὅπροσπεσεῐται·
344 717 427 802 πρὸς
450 715 468 780 ὃ
493 713 530 780 δὲ
553 717 590 780 αί
610 717 703 792 ὄψεις
728 714 769 778 οὐ

70 826 350 908 προσπίπτουσιν,
394 823 499 887 ἐκεῖνο
541 823 602 906 οὐχ
642 823 768 908 ὀρᾶται.

70 928 210 995 ἕκαστον
224 932 288 1015 ἄρα
304 941 371 995 τῶν
385 927 564 1015 δρωμένων
580 933 644 1013 ἔχει
661 953 692 993 τι
709 939 768 1014 μή·

70 1060 128 1114 νιος
146 1037 383 1122 ἀποστήματος,
402 1032 443 1100 οὗ
462 1039 641 1120 γενόμενον
659 1034 768 1100 οὐκέτι

71 1142 196 1230 ὁρᾶται.

19 1247 53 1296 ιο
558 1229 601 1294 δ’.

143 1359 218 1420 Τῶν
241 1360 323 1420 ίσων
347 1356 578 1440 διαστημάτων
599 1352 656 1418 καὶ
679 1351 732 1418 ἐπὶ
755 1362 813 1437 τῆς
832 1354 933 1437 αὐτῆς
951 1353 1087 1431 εὐθείας

71 1464 179 1526 ὄντων
206 1464 246 1526 τὰ
273 1461 308 1526 ἐκ
330 1466 484 1538 πλείονος
507 1462 727 1544 διαστήματος
752 1459 902 1547 ὁρώμενα
926 1458 1086 1526 ἐλάττονα

73 1572 235 1654 φαίνεται.

138 1678 220 1740 ἔστω
245 1681 300 1740 ίσα
323 1676 526 1758 διαστήματα
545 1672 598 1738 ἐπὶ
616 1682 692 1757 μιᾶς
711 1672 842 1748 εὐθείας
860 1674 900 1737 τὰ
919 1679 951 1737 Α
957 1678 996 1757 Β,
1011 1677 1086 1757 ΒΓ,

19 1796 51 1845 15
72 1785 147 1867 ΓΛ,
175 1781 231 1846 καὶ
258 1781 395 1866 ἄνήχθω
422 1783 506 1867 πρὸς
533 1780 640 1866 ὐρδδις
666 1780 687 1863 ή
711 1784 791 1863 ΑΕ,
821 1777 875 1863 ἐφ’
895 1775 935 1863 ἧς
956 1783 1083 1846 κείσθω

70 1891 158 1974 ὄμμα
176 1890 213 1953 τὸ
231 1893 270 1954 Ε.
302 1888 397 1972 λέγω,
421 1888 472 1953 ὅτι
495 1891 604 1974 μεῖζον
625 1912 688 1971 φα·
751 1933 787 2000 A
843 1939 875 2000 B
944 1941 985 2000 Γ
1046 1937 1080 1998 Δ

70 1996 205 2077 νήσεται
227 1996 265 2059 τὸ
288 1992 349 2079 μὲν
371 2000 437 2059 ΑΒ
461 2004 521 2060 τοῦ
548 1997 621 2078 ΒΓ,
651 1995 688 2058 τὸ

70 2100 107 2167 δὲ
126 2106 193 2166 ΒΓ
210 2111 270 2166 τοῦ
290 2105 360 2166 ΓΛ.
395 2100 689 2188 προσπιπτέτωσαν
765 2008 858 2335 V

70 2210 132 2294 γὰρ
152 2208 280 2283 ἀκτῖνες
299 2209 336 2272 αί
351 2213 425 2292 ΕΒ,
443 2212 516 2292 ΕΓ,
535 2213 611 2292 ΕΛ,
633 2206 689 2273 καὶ

17 2329 51 2378 20
69 2316 164 2398 ήχθω
188 2314 244 2378 διὰ
267 2322 326 2379 τοῦ
349 2319 378 2378 Β
405 2318 541 2399 σημείου
563 2325 602 2399 τῇ
627 2318 691 2380 ΓΕ
733 2292 759 2348 Ζ

69 2421 186 2508 εὐθείᾳ
198 2423 407 2506 παράλληλος
420 2422 440 2506 ἡ
455 2426 527 2485 ΒΖ.
557 2427 610 2505 ίση
625 2424 689 2507 ἄρα

70 2528 161 2594 ἐστὶν
179 2529 279 2612 ήΑΖ
299 2538 338 2614 τῇ
355 2532 424 2592 ΖΕ.
458 2526 528 2592 ἐπεὶ
541 2528 604 2615 γὰρ
619 2552 688 2614 τρι-

70 2636 181 2718 γώνου
204 2643 264 2699 τοῦ
283 2638 388 2699 ΑΕΓ
410 2635 499 2720 παρὰ
519 2638 599 2720 μίαν
620 2647 689 2701 τῶν

69 2747 223 2828 πλευρῶν
245 2742 307 2824 τήν
326 2743 390 2805 ΓΕ
411 2735 506 2823 ἦκται
529 2743 644 2807 εὐθεῖα
667 2743 687 2827 ἡ
743 2722 781 2780 Ε

17 2858 52 2909 25
72 2853 145 2931 BZ,
165 2850 256 2912 ἔστιν
269 2850 334 2933 ἄρα
347 2852 412 2932 καί,
432 2849 476 2925 ὡς
492 2849 512 2933 ἡ
528 2852 589 2913 ΓΒ
607 2851 690 2934 πρὸς
704 2853 776 2931 ΒΑ,
794 2848 815 2931 ή
829 2854 893 2913 ΕΖ
911 2850 994 2934 πρὸς
1010 2854 1084 2913 ΖΑ.

70 2960 125 3038 ίση
149 2956 213 3039 ἄρα
236 2952 326 3019 ἐστὶν
348 2953 368 3037 ἡ
393 2959 472 3038 ΑΖ,
497 2956 541 3032 ὡς
564 2961 700 3040 είρηται,
723 2966 762 3040 τῇ
788 2960 858 3019 ΖΕ.
904 2958 1023 3038 μείζων
1046 2951 1083 3019 δὲ

69 3062 196 3146 πλευρὰ
214 3061 234 3144 ή
249 3065 311 3124 ΒΖ
329 3071 387 3144 τῆς
403 3066 475 3125 ΖΑ·
499 3065 617 3146 μείζων
635 3063 699 3146 ἄρα
717 3060 845 3145 καὶτῆς
860 3066 930 3126 ΖΕ.
963 3064 1083 3145 μείζων

70 3169 134 3253 ἄρα
152 3165 207 3231 καὶ
225 3171 331 3250 γωνία
348 3168 368 3252 ἡ
388 3168 452 3232 ὑπὸ
468 3173 564 3232 ΖΕΒ
583 3170 706 3250 γωνίας
724 3177 781 3252 τῆς
798 3168 864 3233 ὑπὸ
885 3172 991 3233 ΖΒΕ.
1028 3166 1085 3232 καὶ

826 583 863 644 Γ
1021 585 1053 642 Δ

923 993 958 1052 B

70 3272 90 3356 ή
113 3273 179 3338 ὑπὸ
204 3278 302 3338 ΖΒΕ
323 3285 362 3360 τῇ
385 3274 450 3339 ὑπὸ
475 3276 576 3338 ΒΕΓ
596 3280 662 3356 ίση·
686 3272 741 3338 καὶ
764 3273 784 3356 η
807 3273 873 3339 ὑπὸ
898 3279 995 3338 ΖΕΒ
1019 3275 1083 3360 ἄρα

141 3437 165 3487 3.
191 3427 253 3503 ἐφ’]
273 3428 325 3500 ἀφ’
342 3431 407 3485 vat.
490 3436 514 3483 6,
539 3427 742 3496 προσπίπτουσι
760 3448 786 3484 v.
868 3435 892 3485 8.
917 3429 1084 3519 γενόμενον]

63 3519 132 3554 νων,
155 3518 192 3554 ex
205 3500 365 3570 γενομένου
382 3519 418 3555 m,
435 3507 451 3555 2
471 3501 503 3571 V,
524 3498 676 3571 γενομένου
695 3502 820 3556 BVat.v.
884 3507 925 3556 14.
944 3503 1018 3556 Ante
1037 3502 1084 3557 ἐπι
