2334 3788
100 119 165 184 218
218 188 220 192 y
309 123 518 177 OPTIOORUM
536 125 714 178 ωωοιιωειο
734 125 901 179 mom.

101 265 207 352 ὀρθάς
234 267 317 352 πρὸς
343 267 380 331 τὸ
404 266 623 351 ὑποκείμενον
647 267 815 352 ἐπίπεδον,
847 270 935 353 ὄμμα
964 265 1002 334 δὲ
1030 271 1113 334 ἔστω

99 373 137 437 τὸ
162 376 204 456 Γ,
231 371 286 437 καὶ
314 372 439 461 κέντρῳ
467 371 529 458 μὲν
550 385 596 462 τῳ
621 379 663 457 Β,
693 375 887 459 διαστήματι
916 370 953 440 δέ
979 384 1026 462 τῳ
1051 377 1119 440 ΒΓ

99 480 219 556 κύκλος
246 480 429 566 γεγράφθω
452 481 469 545 ὁ
490 483 558 545 ΓΔ.
605 478 704 564 λέγω,
733 481 798 564 ὅτι,
827 481 886 547 ἐάν
908 482 945 546 τὸ
972 484 1007 545 Γ
1030 487 1112 565 μεθ-

100 595 228 671 ιστήται
265 585 317 651 ἐπὶ
356 587 480 651 κύκλου
517 591 741 674 περιφερείας,
780 594 853 652 ἴσον
886 585 936 652 άεί
972 588 1010 652 τὸ
1044 592 1112 652 AB

64 707 80 755 5
100 696 291 776 φανήσεται.
341 701 440 757 τοῦτο
475 689 511 757 δέ
538 696 686 779 φανερόν
714 693 816 759 ἐστιν·
854 703 957 759 πᾶσαι
984 695 1048 780 γάρ
1078 694 1115 758 αί

100 799 164 864 άπὸ
184 809 244 864 τοῦ
259 802 293 864 Γ
305 803 441 884 σημείου
460 800 543 885 πρὸς
555 794 598 864 ’τὸ
610 792 679 864 ἈΒ
697 802 963 886 προσπίπτουσαι
981 799 1113 877 ἀκτῖνες

98 907 182 991 πρὸς
210 912 282 981 ίσας
310 909 433 988 γωνίας
462 909 742 992 προσπίπτουσιν,
775 906 948 993 ἐπειδήπερ
978 906 999 988 ή
1027 908 1112 992 πρὸς

98 1022 144 1099 τῳ
167 1017 196 1076 Β
224 1012 311 1098 ὀρθή
335 1010 433 1077 ἐστιν.
480 1019 554 1077 ίσον
577 1014 641 1099 άρα
663 1014 700 1078 τὸ
725 1013 893 1100 δρώμενον
917 1015 1112 1096 φανήσεται.

579 1268 625 1327 μ.

47 1382 80 1430 10
164 1364 239 1430 Ἐάν
263 1362 299 1430 δέ
321 1367 358 1430 τὸ
382 1366 551 1453 δρώμενον
570 1365 711 1450 μέγεθος
734 1368 777 1451 μή
796 1367 879 1452 πρὸς
896 1366 1003 1452 ὀρθάς
1023 1360 1045 1453 ᾖ
1063 1376 1111 1454 τῳ

97 1470 299 1560 ὑπωιειμένῳ
330 1472 486 1560 ἐπιπέδῳ,
515 1480 709 1557 μεθιστήται
733 1469 770 1537 δὲ
794 1470 848 1537 ἐπὶ
870 1472 994 1537 κύκλου
1018 1493 1111 1558 περι-

98 1581 245 1663 φερείας,
268 1580 386 1642 άνισον
410 1576 459 1642 ἀεὶ
483 1578 676 1663 ὀφθήσεται.

164 1687 245 1750 ἐστω
278 1685 398 1760 κύκλος
431 1685 448 1749 ὁ
476 1691 559 1770 ΑΘ,
591 1684 646 1750 καὶ
674 1687 824 1768 εἰλήφθω
853 1682 905 1749 ἐπὶ
932 1693 991 1769 τῆς
1018 1707 1111 1770 περι-

97 1795 230 1878 φερείας
257 1792 360 1856 αὐτοῦ
384 1803 519 1875 σημεῖον
542 1793 579 1857 τὸ
602 1798 650 1875 Λ,
677 1789 733 1855 καὶ
760 1791 925 1855 ἀνεστάτω
954 1793 997 1875 μή
1025 1793 1111 1878 πρὸς

45 1912 78 1960 15
97 1898 204 1983 ὀρθάς
230 1908 276 1986 τῷ
299 1899 409 1985 κύκλῳ
437 1899 552 1963 εὐθεῖα
578 1897 598 1981 ἡ
621 1903 702 1981 ΛΖ,
731 1896 819 1982 ὄμμα
842 1894 879 1962 δέ
902 1900 984 1962 ἐστω
1007 1899 1045 1962 τὸ
1068 1902 1108 1963 Ε.

97 2004 191 2089 λέγω,
216 2007 265 2070 ὅτι
288 2003 308 2087 ή
330 2010 405 2088 ΔΖ,
430 2002 488 2069 ἐάν
512 2002 563 2068 ἐπὶ
586 2013 644 2087 τῆς
667 2013 726 2069 τοῦ
749 2005 874 2069 κύκλου
897 2007 1110 2090 περιφερείας

87 2117 304 2194 ,μεθιστήται,
328 2108 406 2175 ποτὲ
429 2115 549 2195 μείζων
571 2113 768 2195 φανήσεται,
790 2106 869 2174 ποτέ
892 2109 1051 2175 ἐλάσσων.

162 2219 235 2299 ήτοι
259 2218 300 2301 δή
324 2216 343 2299 ή
368 2224 401 2280 Λ
408 2222 434 2280 Ζ
462 2221 580 2301 μείζων
608 2215 677 2281 ἐστὶ
700 2225 757 2300 τής
780 2216 816 2280 έκ
839 2225 899 2280 τοῦ
922 2214 1062 2303 κέντρου
1087 2215 1108 2300 ἢ

98 2328 151 2404 ίση
175 2321 195 2405 ἢ
220 2322 376 2388 ἐλάσσων.
414 2326 496 2388 ἔστω
520 2327 681 2410 πρότερον
703 2327 831 2407 μείζων,
853 2320 909 2387 καὶ
932 2324 1027 2406 ήχθω
1052 2324 1109 2387 διά

43 2444 77 2492 20
96 2437 155 2492 τοῦ
183 2434 214 2493 Ε
238 2427 378 2513 κέντρου
401 2439 441 2515 τῇ
465 2434 531 2493 ΛΖ
559 2431 767 2516 παράλληλος
792 2429 812 2512 ή
836 2432 912 2511 ΕΓ,
944 2426 1000 2493 καὶ
1023 2432 1107 2494 ἔστω

97 2542 150 2619 ίση
174 2544 213 2620 τῇ
237 2540 303 2600 ΔΖ
326 2534 346 2617 ἡ
370 2538 443 2618 ΕΓ,
471 2534 526 2599 καὶ
554 2537 648 2620 ήχθω
673 2535 736 2600 άπὸ
759 2545 819 2601 τοῦ
844 2539 876 2599 Γ
894 2537 1030 2618 σημείου
1054 2533 1108 2600 ἐπὶ

95 2643 132 2707 τὸ
163 2642 381 2726 ὑποκείμενον
418 2641 573 2706 ἐπίπεδον
609 2642 749 2718 κάθετος
780 2642 800 2725 ή
834 2645 906 2706 ΓΗ
936 2639 992 2705 καὶ
1024 2659 1108 2725 συμ-

95 2748 239 2832 βαλλέτω
272 2758 317 2836 τῳ
346 2746 488 2835 ἐπιπέδῳ
520 2750 603 2812 κατά
635 2749 671 2812 τὸ
700 2752 740 2812 Η
767 2760 916 2833 σημεῖον,
951 2746 1006 2812 καί
1037 2748 1107 2813 έπι-

96 2859 268 2940 ζευχθείσα
304 2855 324 2939 ἡ
356 2859 434 2918 ΕΗ
471 2854 681 2938 ἐκβεβλήσθω
723 2852 778 2918 καὶ
815 2852 1027 2939 συμβαλλέτω
1066 2864 1106 2940 τῇ

42 2973 76 3024 25
94 2965 286 3049 περιφερείᾳ
321 2961 404 3025 κατὰ
439 2961 476 3025 τὸ
509 2967 556 3046 A,
591 2960 647 3025 καὶ
683 2962 777 3045 ήχθω
811 2961 867 3024 διά
902 2969 962 3024 τοῦ
996 2967 1028 3025 Α
1066 2970 1106 3047 τῇ

165 3194 189 3243 5.
208 3189 295 3242 τούτω
310 3207 335 3242 v,
391 3188 448 3242 ἐστι
466 3206 492 3257 p.
558 3194 581 3241 6.
601 3187 644 3259 τό]
664 3204 731 3242 corr.
752 3204 786 3242 ex
803 3193 840 3259 τῷ
858 3206 894 3241 m.
914 3204 969 3241 ree.
988 3187 1022 3241 V.
1080 3193 1103 3242 9.

94 3260 137 3331 μ’]
157 3260 202 3329 με’
216 3278 243 3329 p,
263 3259 311 3327 μδ’
327 3259 382 3313 Vv.
457 3264 498 3312 11.
519 3256 561 3330 δεΊ
582 3256 612 3312 δὲ
631 3259 662 3312 τδ
682 3262 728 3327 (τω
742 3262 769 3327 v)
789 3259 931 3327 δρώμενον
949 3276 999 3327 η).
1062 3265 1104 3313 12.

93 3331 161 3384 Post
180 3330 337 3400 ὀφθήσεται
356 3330 420 3384 add.
441 3328 513 3384 κατὰ
527 3328 703 3398 παράλληλον
722 3328 805 3385 θέσιν
823 3339 857 3401 τῇ
876 3329 904 3394 ἐξ
919 3330 1007 3399 ἀρχῆς
1021 3348 1104 3419 μετα·

93 3403 194 3473 βαῖνον
213 3419 267 3470 mg.
287 3420 323 3455 m.
343 3407 359 3454 2
378 3419 403 3454 v.
496 3407 536 3455 14.
557 3398 670 3469 σημείου
689 3419 715 3455 v.
807 3407 847 3455 17.
873 3401 940 3454 Post
958 3420 1026 3454 ποτε
1042 3404 1103 3471 (pr.)

94 3471 147 3527 del,
165 3469 218 3541 μέν
234 3490 263 3541 p.
336 3473 429 3542 μεῖζον
448 3489 472 3526 v.
561 3477 601 3526 18.
624 3471 686 3540 ήτοι
705 3473 753 3544 δή]
772 3471 789 3542 ἢ
810 3470 841 3526 δέ
860 3490 875 3527 ο
895 3489 963 3526 corr.
982 3490 1013 3543 v,
1042 3472 1105 3540 ἤτοι
