2324 3788
94 111 137 175 ης
434 107 604 160 ωαοιωω
623 106 760 160 οαειοα

95 254 249 320 έλάσσονι
271 256 381 339 μεῖζον
399 253 436 317 τὸ
454 251 745 338 ὐπερφαινόμενον
763 251 928 334 φαίνεται,
951 246 1111 325 ἀπιόντος

96 359 132 426 δὲ
155 364 279 446 μείζονι
302 359 451 444 [μεῖζονλ

575 515 627 596 ιζ’.

160 645 241 712 Ὅσα
268 646 421 728 ἀλλήλων
447 641 614 729 ὑπερέχει,
647 641 698 707 ἐπ’
724 641 857 717 εὐθείας
884 649 930 728 τῷ
960 639 1111 705 ἐλάττονι

62 752 230 839 σμενέθει
258 761 318 817 τοῦ
346 754 490 836 ὄμματος
517 751 715 835 προσιόντος
737 772 772 813 τε
797 745 854 813 καὶ
882 743 1110 832 ἀφισταμένου

96 870 141 948 τῷ
170 866 230 947 ίσῳ
264 857 314 924 ἀεὶ
342 856 429 935 θόξει
460 857 498 921 τὸ
525 855 815 942 ὑπερφαινόμενον
846 861 906 918 τοῦ
936 851 1110 928 έλάττονος

97 966 277 1053 ὑπερέχειν.

165 1077 247 1139 ἔστω
272 1073 334 1138 ἀύο
357 1073 457 1137 ὄνισα
478 1069 603 1155 μεγέθη
627 1069 667 1133 τὰ
686 1072 763 1150 AB,
782 1069 854 1150 ΓΛ,
878 1060 926 1131 ὧν
944 1069 1058 1151 μεῖζον
1076 1065 1111 1130 τὸ

98 1185 174 1264 AB,
198 1183 285 1265 ὄμμα
308 1175 345 1243 δὲ
368 1181 450 1243 ἔστω
473 1178 511 1242 τὸ
531 1181 558 1240 Ζ
582 1172 632 1241 ἐπ’
653 1174 787 1250 εὐθείας
810 1176 962 1256 κείμενον
986 1180 1034 1260 τῷ
1057 1169 1112 1236 πέ-

59 1305 79 1354 ,ο
99 1311 173 1374 ρατι
187 1295 247 1351 τοῦ
258 1289 320 1350 ΓΛ
333 1284 497 1369 μεγέθους
506 1293 551 1371 τῷ
563 1285 599 1348 Γ.
644 1315 680 1376 Δ

98 1392 198 1476 λέγω,
231 1393 281 1457 ὄτι
308 1401 368 1456 τοῦ
398 1396 425 1454 Ζ
457 1393 601 1475 ὄμματος

98 1502 296 1586 προσιόντος
308 1497 364 1563 καὶ
375 1496 600 1583 ἀφισταμένου

99 1603 150 1672 ἐπ’
176 1606 309 1683 εὐθείας
336 1608 431 1682 ὄντος
462 1616 507 1695 τῷ
541 1613 600 1695 ίσηι

100 1711 187 1791 δόξει
201 1713 468 1799 ὐπερφαίνεσθαι
485 1715 521 1779 τὸ
536 1721 568 1779 Α
572 1719 601 1779 Β

59 1836 80 1884 ,5
99 1830 159 1886 τοῦ
179 1825 248 1886 ΓΔ.
285 1819 514 1907 προσπιπτέτω
538 1823 601 1907 γὰρ

100 1926 192 2004 ἀκτὶς
211 1929 267 1992 διὰ
287 1936 347 1993 τοῦ
367 1930 400 1993 Γ
416 1928 436 2011 ἡ
457 1933 527 1993 ΖΕ.
564 1930 601 1994 τὸ

100 2038 165 2098 ΑΒ
185 2035 249 2120 ἀρα
268 2044 327 2100 τοῦ
343 2038 403 2099 ΓΔ
421 2034 660 2122 ὐπερφαίνεται
678 2045 723 2124 τῷ
739 2040 814 2100 ΑΕ.
844 2036 1112 2119 μετακεκινησθω

101 2140 142 2222 δὴ
165 2141 202 2204 τὸ
226 2142 314 2225 ὄμμα
335 2140 391 2205 καὶ
414 2145 496 2207 ἔστω
521 2142 677 2230 ἀπωτέρω
706 2140 762 2207 καὶ
790 2145 872 2207 ἔστω
901 2139 951 2206 ἐπ’
979 2141 1114 2217 εὐθείας

101 2247 138 2310 τὸ
154 2249 197 2309 Η.
235 2245 255 2329 ἡ
279 2248 343 2332 ὄρα
365 2245 429 2312 ἀπὸ
453 2257 512 2312 τοῦ
531 2252 571 2312 Η
589 2251 733 2334 ὄμματος
752 2246 844 2324 ἀκτὶς
860 2250 1115 2334 προσπίπτουσα

59 2369 83 2416 ιο
102 2351 267 2417 ἐλεύσεται
287 2353 343 2417 διὰ
356 2362 416 2417 τοῦ
432 2357 464 2418 Γ
477 2359 613 2438 σημείου
632 2353 688 2419 ναὶ
705 2356 1006 2441 προσενεχθήσεται
1020 2342 1130 2441 μέχρι

100 2467 161 2522 τοῦ
184 2464 216 2522 Ε
242 2463 393 2544 σημείου,
425 2459 481 2525 καὶ
508 2471 553 2549 τῷ
582 2461 671 2550 αὐτῷ
695 2461 963 2548 ὐπερφανήσεται
987 2462 1024 2526 τὸ
1049 2465 1114 2527 ΑΒ

101 2573 161 2629 τοῦ
185 2569 254 2630 ΓΔ.

580 2715 635 2773 ιη.

174 2815 222 2878 Τὸ
247 2811 352 2879 δοθέν
373 2814 459 2894 ὄηος
477 2827 614 2898 γνῶναι,
637 2817 778 2897 πηλίκον
797 2812 896 2895 ἐστίν,
920 2811 1019 2894 ἡλίου
1038 2816 1116 2898 φαί-

59 2935 84 2983 ισ
103 2944 229 2996 νοντος.

169 3031 250 3092 ἔστω
269 3029 306 3092 τὸ
326 3025 431 3092 δοθὲν
447 3028 533 3106 ὄηος
551 3028 588 3091 τὸ
606 3030 684 3109 ΑΒ,
707 3023 761 3089 καὶ
781 3023 859 3089 δέον
878 3024 959 3089 αὐτὸ
978 3037 1116 3110 γνῶναι,

102 3137 243 3220 πηλίκον
266 3133 364 3198 έστίν.
410 3137 492 3198 ἔστω
515 3130 576 3217 μὲν
599 3134 686 3216 ὄμμα
709 3133 745 3196 τὸ
768 3136 816 3214 Δ,
843 3130 939 3213 ἡλίου
964 3127 1001 3196 δέ
1026 3131 1118 3210 ἀκτὶς

175 3405 200 3454 2.
220 3399 324 3470 μεῖζον]
344 3415 397 3451 om.
417 3397 561 3463 Vat.¹mv‚
580 3413 616 3449 m.
633 3401 648 3448 2
663 3395 727 3449 vat.
783 3393 856 3448 Dein
875 3394 939 3448 add.
960 3393 1070 3466 ωὲξης
1082 3393 1118 3463 V,

103 3489 139 3524 m.
160 3476 175 3523 2
195 3471 259 3525 Vat.
324 3476 348 3524 3.
369 3469 417 3541 ιζ’]
437 3469 477 3539 ιη’
498 3467 578 3522 codd.
644 3472 668 3520 6.
686 3472 724 3540 τῷ
744 3465 793 3539 ίσςο
811 3463 873 3536 ἀεί]
892 3465 923 3517 in
941 3472 1118 3521 τουτου.
