2334 3788
88 112 152 176 160
295 114 505 166 οντιοοαοιι
523 114 702 166 αοοεαετο
721 112 886 165 ΤΗοοαιο.

153 260 234 322 ἔστω
267 258 330 342 γάρ
364 262 437 322 λ’σον
468 257 506 322 τὸ
540 260 600 321 ΓΛ
630 265 676 344 τῷ
704 259 782 339 ΚΛ,
830 279 874 339 1(
1067 270 1100 332 Α

87 366 174 447 ὄμμα
204 361 241 428 δέ
269 366 350 429 ἔστω
379 365 416 429 τὸ
445 368 488 447 Β,
520 362 579 448 ἀφ’
610 359 650 428 οὗ
682 380 782 448 προσ-

86 469 293 535 πιπτέτωσαν
320 472 413 548 ὄψεις
442 472 480 535 αλ
504 476 580 554 BA,
604 474 679 554 BA,
703 473 783 552 ΒΚ,
835 439 863 497 Γ

88 580 159 642 ΒΓ.
188 577 312 642 οὐκοῦν
325 579 363 643 τὸ
380 581 440 642 ΓΔ
463 578 527 642 ὑπὸ
548 581 696 661 μείζονος
719 601 783 660 γω-

52 688 162 760 σνιάς
183 684 299 770 ὁρᾶται
321 686 404 770 ήπερ
423 686 460 750 τὸ
480 688 561 750 ΚΛ·
587 688 696 769 μεῖζον
719 686 782 768 ἀρα

89 792 301 874 φαίνεταιτὸ
326 794 387 857 ΓΔ
409 800 469 856 τοῦ
492 795 570 857 ΚΛ.
961 781 997 838 B

574 969 616 1038 τ’.

160 1077 207 1140 Τά
234 1078 427 1163 παράλληλα
459 1087 526 1141 τῶν
554 1076 784 1160 διαστημάτων
812 1075 845 1154 ἐξ
873 1055 1103 1160 ἀποστήματος

88 1182 239 1268 ὁρώμενα
262 1183 465 1267 ἀνισοπλατή
489 1187 652 1267 φαίνεται.

37 1303 71 1352 10
156 1292 238 1354 ἔστω
267 1291 329 1375 γάρ
357 1291 395 1355 τὸ
424 1292 492 1353 ΒΓ
518 1299 564 1377 τῷ
592 1295 626 1353 A
633 1295 659 1353 Z
687 1289 899 1376 παράλληλον
928 1289 1101 1372 διάστήμα,

90 1398 177 1479 ὄμμα
196 1393 233 1460 δὲ
251 1399 333 1461 ἔστω
352 1398 389 1461 τὸ
405 1400 445 1460 Κ.
482 1395 577 1479 λέγω,
597 1396 647 1461 ὅτι
665 1397 706 1460 τά
725 1399 797 1480 ΒΓ,
811 1402 845 1460 A
851 1401 878 1460 Z
897 1394 1100 1478 ἀνισοπλατή

90 1504 252 1587 φαίνεται,
274 1501 331 1566 καλ
353 1505 463 1586 μεῖζον
486 1500 536 1566 ἀεὶ
558 1503 595 1567 τὸ
620 1505 731 1584 ἔγγιον
755 1503 919 1586 διάστήμα
940 1510 1001 1566 τοῦ
1020 1524 1101 1588 πορ-

90 1609 245 1693 ρώτερον.

156 1714 449 1800 προσπιπτέτωσαν
481 1714 609 1792 ἀκτῖνες
640 1716 677 1780 αλ
702 1715 782 1799 ΚΞ,
804 1719 886 1799 ΚΛ,
910 1718 996 1798 KH,
1019 1718 1101 1797 KN,

38 1839 71 1887 15
90 1825 166 1905 KB,
185 1826 264 1905 KA,
287 1821 342 1886 παλ
361 1821 611 1906 ἐπεζεύχθωσαν
629 1823 758 1887 εὐθεῖαι
777 1823 814 1886 αλ
831 1822 905 1905 ΞΛ,
924 1826 1008 1904 HN,
1027 1825 1100 1885 BA.

90 1927 159 1993 ἐπεὶ
191 1925 253 1994 οὖν
280 1933 398 2013 μείζων
426 1928 516 1994 ἐστὶν
544 1929 565 2012 ή
593 1925 657 1994 ὑπὸ
686 1929 787 2002 ΞΚΛ
818 1932 923 2011 γωνία
951 1936 1009 2012 τής
1035 1927 1101 1991 ὑπὸ

90 2038 205 2100 HKN
223 2039 356 2120 γωνίας,
379 2038 497 2120 μείζων
520 2038 584 2121 ἀρα
607 2039 761 2120 φαίνεται
783 2033 838 2100 καὶ
858 2035 878 2118 ή
898 2034 963 2107 ΞΛ
985 2033 1101 2098 εὐθεῖα

90 2151 148 2224 τής
171 2147 252 2207 ΠΝ.
299 2144 355 2207 διά
378 2143 418 2206 τὰ
441 2143 525 2206 αὐτὰ
552 2143 593 2226 δή
621 2140 676 2206 ιιαλ
698 2141 718 2225 ή
743 2147 822 2207 HN
844 2142 959 2206 εὐθεῖα
982 2142 1101 2223 μείζων

91 2251 243 2332 φαίνεται
261 2258 319 2332 τής
338 2253 401 2313 BA
423 2249 565 2325 εὐθείας.
603 2247 712 2312 οὐκέτι
735 2243 796 2314 οὖν
815 2247 1000 2332 ὀφθήσεται
1019 2267 1101 2331 παρ-

38 2371 72 2419 20
91 2355 216 2437 ἀλλήλα
234 2356 274 2419 τά
289 2357 501 2439 διαστήματα,
521 2353 593 2419 ἀλλ’
605 2357 652 2429 εἰς
666 2356 801 2419 ἔλαττον
818 2351 874 2420 καὶ
888 2352 1100 2434 ἀνισοπλατή.

90 2461 131 2524 τά
159 2462 222 2545 ἀρα
249 2462 442 2547 παράλλήλα
469 2472 536 2526 τῶν
560 2460 789 2544 διαστημάτων
817 2457 848 2537 ἐξ
872 2458 1101 2543 ἀποστήματος

91 2566 241 2652 ὁρώμενα
264 2566 466 2651 ἀνισοπλατή
489 2570 652 2652 φαίνεται.

17 2666 63 2703 ³³⁴
159 2674 244 2738 οὕτω
275 2672 350 2758 μέν,
383 2676 413 2739 ει’
438 2674 474 2740 ἐν
506 2684 551 2762 τῷ
580 2674 668 2761 αὐτῷ
697 2672 838 2760 ἐπιπέδῳ
871 2674 908 2737 τὸ
936 2674 1024 2755 ὄμμα
1054 2680 1099 2758 τῷ

92 2778 246 2868 ὁρωμένω
266 2780 383 2866 κέοιτο,
402 2785 432 2846 εἰ
444 2778 481 2847 δὲ
496 2784 735 2867 μετεωρότερον
754 2787 803 2863 εἴη
817 2781 854 2844 τὸ
869 2781 967 2863 ὄμμα,
986 2777 1101 2854 οὕτως.

39 2903 72 2951 25
159 2891 239 2952 ἔστω
263 2888 326 2973 γάρ
349 2890 386 2952 τὸ
410 2891 451 2971 Κ,
474 2886 528 2952 παὶ
551 2889 645 2971 ήχθω
670 2885 733 2951 ἀπὸ
757 2894 816 2949 τοῦ
835 2888 870 2948 Κ
890 2882 943 2949 ἐπὶ
962 2885 999 2948 τὸ
1018 2884 1100 2948 ὑπο-

91 2999 242 3079 κείμενον
266 2995 421 3060 ἐπίπεδον
443 2994 583 3067 αάδετος
606 2992 626 3075 ή
649 2996 732 3074 KA,
761 2990 824 3056 ἀπὸ
849 2987 885 3055 δὲ
908 2999 967 3054 τοῦ
992 2996 1024 3054 Α
1047 2987 1100 3054 ἐπὶ

92 3105 153 3187 τήν
178 3106 242 3167 ΖΛ
264 3102 284 3186 ή
308 3106 389 3166 AM
406 3099 461 3165 καὶ
484 3099 695 3182 ἐκβεβλήσθω
720 3097 772 3163 ἐπὶ
795 3099 832 3162 τὸ
858 3102 896 3179 O,
920 3094 975 3160 καὶ
998 3113 1100 3181 προσ-

164 3267 205 3314 10.
225 3261 290 3330 AZ]
312 3262 333 3312 Ζ
352 3274 419 3311 corr.
439 3257 469 3309 in
489 3259 513 3309 Ε
533 3274 568 3309 m.
588 3271 641 3308 rec.
661 3256 694 3309 V.
786 3259 826 3308 11.
847 3254 920 3308 Ante
940 3253 1014 3322 ὄμμα
1034 3253 1100 3307 add.

91 3331 126 3385 τά
145 3330 176 3386 δὲ
195 3329 356 3399 παράλληλα
374 3327 409 3381 τά
428 3330 490 3394 ΞΛ,
507 3330 576 3395 HN,
592 3332 639 3380 BA
658 3327 690 3381 V.
765 3331 805 3379 12.
827 3324 933 3394 ἔγγειον
952 3325 984 3378 V.
1058 3330 1099 3378 14.

92 3405 163 3474 ΚΞ]
184 3400 344 3461 ,ἔσοιντο
366 3404 439 3453 Zm.
460 3415 512 3452 τοο.
528 3397 565 3466 V3
584 3396 653 3451 item
671 3397 720 3450 lin.
741 3403 783 3465 15,
803 3401 844 3464 16,
866 3401 906 3452 17.
981 3401 1021 3449 16.
1042 3405 1102 3463 μεῖ-

80 3476 134 3533 ζον
155 3491 177 3525 τ,
271 3471 376 3543 MA]
399 3472 454 3531 ΞΛ
472 3488 497 3525 V.
588 3466 688 3541 γωνία]
708 3468 738 3521 in
757 3485 809 3522 ras.
829 3485 854 3521 τ.
945 3464 1000 3521 ὑπό
1015 3465 1100 3537 <alm
