2334 3788
109 123 150 186 76
448 123 619 177 EUCLIDIS
637 124 775 177 OPTIOA.
831 151 833 155 Α

105 267 170 333 ὑπὸ
194 273 300 333 ΗΕΘ
327 270 409 352 ἄλλη
436 271 495 354 μία
522 270 606 353 μόνη
635 275 689 352 ἴση
714 269 958 351 συσταθήσεται
967 267 1119 353 υλφαιρε-

107 378 223 457 θείσης
241 380 314 458 ἴσης
332 385 371 460 τῇ
390 379 463 439 HA
481 383 539 459 τῆς
552 380 585 438 A
595 378 626 438 Τ
643 372 699 438 καλ
717 373 962 458 ἐπιζευχθείσης
979 383 1036 458 τῆς
1060 378 1120 438 ΤΖ

106 478 162 545 καλ
189 480 405 565 ἐκβληθείσης
437 479 489 546 ἐπὶ
515 483 552 546 τὸ
581 487 616 546 Σ
645 481 665 564 ή
697 480 763 546 ὑπὸ
794 484 901 545 ΤΕΣ.
956 490 1054 546 τοῦτο
1083 478 1121 546 δέ

107 589 210 670 δῆλον
232 587 296 653 ἀπὸ
319 598 387 653 τῶν
409 589 492 674 πρὸς
514 599 584 664 τοῖς
607 588 648 671 Ξ,
669 592 712 672 0,
731 593 770 652 Π
788 598 929 671 γωνιῶν.
976 586 1119 674 καὶγὰρ

70 707 86 755 5
106 695 233 758 τούτων
257 693 408 778 ἐλαχίστη
431 691 492 779 μὲν
514 693 535 776 ή
559 700 607 778 Π,
632 692 701 759 ἐπελ
723 691 778 759 καῖ
800 693 820 776 ή
843 694 909 759 ὑπὸ
933 698 1040 759 ΠΝΛ
1063 700 1118 777 ἴση

106 797 176 865 ἐστὶ
203 810 242 886 πή
269 801 334 866 ὑπὸ
358 805 455 865 ΕΖΑ
483 799 635 885 ἐλαχίστη
663 803 782 888 γωνίᾳ,
814 802 949 885 μεγίστη
978 797 1014 865 δὲ
1042 800 1063 883 ή
1092 801 1122 875 Ξ

107 907 163 972 διὰ
186 908 222 972 τὸ
246 909 328 993 πρὸς
351 907 458 993 ὀρθὰς
480 902 566 972 εἶναι
588 908 649 991 τήν
669 912 708 971 Ν
710 906 740 980 Ξ
760 910 916 991 μεγίστην
939 906 1119 992 γινομένην

106 1025 173 1078 τῶν
205 1015 261 1079 διὰ
293 1022 353 1079 τοῦ
381 1019 421 1080 Ν
448 1012 656 1099 διαγομένων
688 1013 830 1079 εὐθειῶν
863 1013 899 1078 έν
930 1023 976 1101 τῷ
1005 1013 1124 1087 ΛΞΜ

106 1123 247 1205 τμήματι
273 1119 329 1185 καλ
351 1122 412 1204 τήν
436 1126 512 1203 ἴσην
535 1120 618 1206 αὐτῇ
641 1118 820 1204 τιθεμένην
841 1119 1059 1205 ὑπερπίπτειν
1081 1121 1119 1186 τὸ

54 1223 1143 1312 ΝΜΜΜΜΜώὼΞΜώΜΜΜώὣΠ

107 1331 254 1410 ἐξωτάτω
273 1335 329 1398 ἅτε
347 1333 507 1417 μηδεμιᾶς
526 1331 700 1408 ἐλάττονος
718 1335 841 1415 γωνίας
859 1333 961 1414 οὔσης
977 1341 1035 1416 τῆς
1053 1333 1119 1399 ὑπὸ

107 1442 221 1503 ΠΝΛ.
266 1448 324 1523 τῆς
351 1435 388 1503 δὲ
413 1438 479 1503 ὑπὸ
502 1442 606 1503 EZT
629 1445 703 1520 ἴσης
725 1439 826 1521 οὔσης
853 1448 893 1524 τῇ
915 1439 980 1503 ὑπὸ
1003 1444 1120 1523 ΕΖΗ,

107 1545 152 1621 ὡς
174 1544 416 1631 προδέδεικται,
448 1544 503 1610 καῖ
530 1546 551 1629 ή
575 1543 690 1629 ἐφεξῆς
715 1546 779 1630 ἄρα
801 1544 821 1628 ή
844 1545 909 1611 ὑπὸ
933 1551 1038 1610 ΕΖΣ
1064 1552 1119 1630 ἴση

107 1649 176 1716 ε’στῖ
199 1660 238 1737 τῇ
260 1651 325 1716 ὑπὸ
344 1655 453 1734 ΕΖΘ,
475 1649 625 1716 τουτέστι
643 1660 683 1737 τῇ
700 1651 765 1716 ὑπὸ
787 1656 906 1717 ΟΝΜ.
945 1653 1028 1716 ὥστε
1047 1650 1120 1717 έκα-

55 1770 88 1818 15
107 1756 185 1844 τέρα
207 1770 275 1823 τῶν
297 1758 362 1823 ὑπὸ
390 1761 497 1841 ΤΕΣ,
515 1761 621 1821 ΗΕΘ
644 1767 683 1843 τῇ
706 1759 789 1843 πρὸς
811 1767 856 1845 τῷ
880 1762 908 1823 0
931 1763 1000 1822 ἴσαι
1024 1759 1119 1824 είσίν.

106 1865 127 1948 ή
151 1866 214 1951 ἄρα
237 1869 308 1929 ΗΘ
330 1874 370 1950 τή
399 1868 464 1928 ΤΣ
485 1869 538 1946 ἴση
563 1867 753 1948 φανήσεται.

174 1975 255 2037 ἐστω
284 1970 428 2061 ἐλάττων
454 1969 474 2053 ἡ
503 1969 567 2035 ιἰπὸ
591 1979 650 2035 τοῦ
674 1973 817 2056 ὄμματος
844 1968 897 2035 ἐπὶ
919 1972 956 2035 τὸ
979 1968 1119 2054 κέντρον

108 2076 362 2162 ἐπιζευγνυμένη
384 2086 443 2160 τῆς
466 2076 501 2141 ἐκ
523 2085 583 2141 τοῦ
606 2076 754 2163 κέντρου.
792 2076 874 2142 ἄλλα
897 2078 938 2161 δή
962 2074 1037 2161 περὶ
1060 2077 1119 2153 τας

108 2182 304 2269 διαμέτρους
332 2183 541 2248 τούναντίον·
573 2182 594 2265 ή
627 2184 689 2269 γὰρ
719 2187 882 2269 πρότερον
908 2187 1026 2268 μείζων
1053 2191 1119 2249 νῦν

54 2301 89 2350 20
108 2289 257 2355 ἐλοίσσων
275 2291 466 2373 φανήσεται,
485 2288 505 2371 ἡ
521 2286 557 2353 δὲ
572 2289 720 2354 ε’λοίσσων
738 2294 864 2374 μείζων.
897 2293 979 2355 έστω
998 2292 1119 2367 κύκλος

108 2395 125 2460 ὁ
150 2398 293 2478 ΑΒΓΔ,
321 2393 376 2458 καῖ
399 2395 593 2478 διήχθωσαν
617 2396 678 2460 δύο
702 2397 871 2482 διάμετροι
899 2398 936 2460 αί
956 2401 1038 2480 AB,
1058 2399 1119 2460 ΓΔ

107 2499 283 2585 τέμνουσαι
307 2499 449 2582 ἀλλήλας
471 2502 554 2586 πρὸς
577 2500 696 2586 ὀρθάς,
726 2500 818 2588 ἑτέρα
842 2501 881 2566 δέ
900 2526 951 2578 τις
973 2511 1119 2587 τυχοῦσα

108 2608 237 2690 διήχθω
260 2605 280 2688 ή
305 2611 382 2690 ΕΖ,
406 2608 493 2691 ὄμμα
516 2603 553 2671 δέ
576 2610 657 2672 ἔστω
680 2610 717 2673 τὸ
743 2613 786 2692 Θ,
816 2608 875 2693 ἀφ’
897 2605 937 2675 οὗ
961 2608 980 2692 ή
1005 2607 1057 2674 ε’πλ
1080 2610 1117 2674 τὸ

108 2712 246 2799 κέντρον
270 2713 495 2797 ἐπιζευχθεῖσα
519 2717 600 2779 ἐστω
626 2713 644 2797 ἡ
668 2719 708 2778 Η
711 2719 740 2779 Θ
768 2715 915 2780 έλοίσσων
939 2711 1022 2781 οὖσα
1046 2713 1118 2780 έκα-

54 2832 88 2882 25
108 2819 203 2907 τέρας
226 2832 292 2886 τῶν
316 2820 350 2885 ἐκ
373 2830 432 2885 τοῦ
456 2820 604 2907 κέντρου.
640 2819 838 2888 καῖκεήήθω
857 2832 895 2908 tf
915 2830 974 2886 τοῦ
993 2823 1117 2887 κύκλου

179 3109 203 3156 2.
223 3102 294 3172 AT]
314 3118 382 3156 corr.
399 3117 432 3155 ex
446 3106 502 3156 AF
516 3103 589 3172 Van,
608 3107 664 3156 ΑΓ
678 3122 713 3158 m.
770 3102 992 3173 ἐπειζευχθήσεις
1010 3121 1036 3157 v.
1093 3107 1116 3157 5.

107 3171 174 3243 ὑπό]
194 3171 250 3226 ἀπό
269 3191 294 3228 v.
372 3174 553 3244 6.Ξ]Ζιο.
632 3179 655 3229 7.
677 3176 751 3246 ΝΞ]
773 3178 831 3227 ΝΖ
848 3193 884 3228 m.
965 3180 988 3228 8.
1008 3175 1117 3245 ΛΞΜ]

107 3247 199 3297 ΑΜΖ
217 3244 291 3312 ἴσα,
315 3243 364 3297 sed
384 3261 451 3299 corr.
534 3249 558 3299 9.
578 3246 664 3314 αὐτῆς
682 3245 777 3300 vam.
859 3242 1069 3314 ὑπερπίπτειν,
1090 3247 1118 3298 et

108 3315 186 3384 ἴοι,
215 3315 264 3368 sed
288 3331 356 3369 corr.
449 3320 490 3370 10.
519 3313 613 3369 πίπτει
635 3333 660 3371 v.
753 3318 794 3388 H]
821 3316 850 3369 in
873 3333 926 3370 ras.
950 3316 983 3371 V.
1076 3321 1117 3370 12.

108 3403 426 3474 HNA]Ainras.V.
494 3408 700 3474 ιιιιῆσηςι.
766 3388 1013 3476 ιιτιι]Ετιιι.
1075 3410 1117 3459 14.

109 3475 223 3545 ONM]
244 3477 344 3530 OMN
358 3492 394 3529 m.
482 3481 523 3531 15.
544 3475 766 3548 HEfflinras.
786 3477 819 3532 V.
893 3475 950 3530 ἴσαι
970 3473 1052 3548 εἰσίν]
1072 3474 1117 3544 ἴση
