<?xml version="1.0" encoding="UTF-8"?>
<!DOCTYPE html PUBLIC "-//W3C//DTD XHTML 1.0 Transitional//EN"
    "http://www.w3.org/TR/xhtml1/DTD/xhtml1-transitional.dtd">
<html xmlns="http://www.w3.org/1999/xhtml" xml:lang="en" lang="en">
 <head>
  <title>
</title>
<meta http-equiv="Content-Type" content="text/html;charset=utf-8" />
  <meta name='ocr-system' content='tesseract 3.04.00' />
  <meta name='ocr-capabilities' content='ocr_page ocr_carea ocr_par ocr_line ocrx_word'/>
</head>
<body>
  <div class='ocr_page' id='page_1' title='image "./euclidisoperaom13unkngoog_0077.png"; bbox 0 0 2334 3788; ppageno 0'>
   <div class='ocr_carea' id='block_1_1' title="bbox 78 111 745 179">
    <p class='ocr_par' dir='ltr' id='par_1_1' title="bbox 78 111 745 179">
     <span class='ocr_line' id='line_1_1' title="bbox 78 111 745 179; baseline -0.003 -13"><span class='ocrx_word' id='word_1_1' title='bbox 78 115 119 179; x_wconf 76' lang='lat' dir='ltr'><em>1ss</em></span> <span class='ocrx_word' id='word_1_2' title='bbox 417 112 587 165; x_wconf 75' lang='grc' dir='ltr'><em>ωοοιεοιε</em></span> <span class='ocrx_word' id='word_1_3' title='bbox 606 111 745 164; x_wconf 77' lang='lat' dir='ltr'><em>0ch.</em></span> 
     </span>
    </p>
   </div>
   <div class='ocr_carea' id='block_1_2' title="bbox 44 252 1092 983">
    <p class='ocr_par' dir='ltr' id='par_1_2' title="bbox 51 252 1092 662">
     <span class='ocr_line' id='line_1_2' title="bbox 76 252 1092 346; baseline -0.009 -21"><span class='ocrx_word' id='word_1_4' title='bbox 76 260 159 346; x_wconf 89' lang='grc' dir='ltr'><em>πρὸς</em></span> <span class='ocrx_word' id='word_1_5' title='bbox 181 260 243 342; x_wconf 86' lang='grc' dir='ltr'><em>τήν</em></span> <span class='ocrx_word' id='word_1_6' title='bbox 264 263 331 322; x_wconf 87' lang='grc' dir='ltr'><em>ΕΛ</em></span> <span class='ocrx_word' id='word_1_7' title='bbox 359 260 491 342; x_wconf 83' lang='grc' dir='ltr'><em>μείζονα</em></span> <span class='ocrx_word' id='word_1_8' title='bbox 518 258 620 338; x_wconf 91' lang='grc' dir='ltr'><em>λόγον</em></span> <span class='ocrx_word' id='word_1_9' title='bbox 647 257 712 338; x_wconf 85' lang='grc' dir='ltr'><em>ἔχει</em></span> <span class='ocrx_word' id='word_1_10' title='bbox 740 255 822 339; x_wconf 91' lang='grc' dir='ltr'><em>ήπερ</em></span> <span class='ocrx_word' id='word_1_11' title='bbox 851 252 871 336; x_wconf 86' lang='grc' dir='ltr'><em>ή</em></span> <span class='ocrx_word' id='word_1_12' title='bbox 894 252 959 317; x_wconf 84' lang='grc' dir='ltr'><em>ὑπὸ</em></span> <span class='ocrx_word' id='word_1_13' title='bbox 983 256 1092 317; x_wconf 82' lang='grc' dir='ltr'><em>ΗΕΘ</em></span> 
     </span>
     <span class='ocr_line' id='line_1_3' title="bbox 76 355 1092 449; baseline -0.006 -19"><span class='ocrx_word' id='word_1_14' title='bbox 76 368 182 449; x_wconf 99' lang='grc' dir='ltr'><em>γωνία</em></span> <span class='ocrx_word' id='word_1_15' title='bbox 199 364 282 449; x_wconf 86' lang='grc' dir='ltr'><em>πρὸς</em></span> <span class='ocrx_word' id='word_1_16' title='bbox 304 364 365 447; x_wconf 86' lang='grc' dir='ltr'><em>τήν</em></span> <span class='ocrx_word' id='word_1_17' title='bbox 387 363 452 428; x_wconf 85' lang='grc' dir='ltr'><em>ὑπὸ</em></span> <span class='ocrx_word' id='word_1_18' title='bbox 473 366 579 426; x_wconf 82' lang='grc' dir='ltr'>ΖΕΘ.</span> <span class='ocrx_word' id='word_1_19' title='bbox 616 358 672 425; x_wconf 82' lang='grc' dir='ltr'><em>καὶ</em></span> <span class='ocrx_word' id='word_1_20' title='bbox 691 359 726 424; x_wconf 81' lang='grc' dir='ltr'><em>ἐκ</em></span> <span class='ocrx_word' id='word_1_21' title='bbox 744 355 805 444; x_wconf 68' lang='grc' dir='ltr'><em>μὲν</em></span> <span class='ocrx_word' id='word_1_22' title='bbox 823 367 881 442; x_wconf 84' lang='grc' dir='ltr'><em>τής</em></span> <span class='ocrx_word' id='word_1_23' title='bbox 898 358 963 424; x_wconf 83' lang='grc' dir='ltr'><em>ὑπὸ</em></span> <span class='ocrx_word' id='word_1_24' title='bbox 982 363 1092 424; x_wconf 81' lang='grc' dir='ltr'><em>ΗΕΘ</em></span> 
     </span>
     <span class='ocr_line' id='line_1_4' title="bbox 51 463 1090 556; baseline -0.008 -18"><span class='ocrx_word' id='word_1_25' title='bbox 51 475 200 556; x_wconf 66' lang='grc' dir='ltr'><em>,γωνίας</em></span> <span class='ocrx_word' id='word_1_26' title='bbox 222 470 374 555; x_wconf 78' lang='grc' dir='ltr'><strong><em>βλέπεται</em></strong></span> <span class='ocrx_word' id='word_1_27' title='bbox 397 470 435 533; x_wconf 87' lang='grc' dir='ltr'><em>τὸ</em></span> <span class='ocrx_word' id='word_1_28' title='bbox 456 472 525 552; x_wconf 81' lang='grc' dir='ltr'><em>ΓΛ,</em></span> <span class='ocrx_word' id='word_1_29' title='bbox 548 467 584 532; x_wconf 80' lang='grc' dir='ltr'><em>ἐκ</em></span> <span class='ocrx_word' id='word_1_30' title='bbox 607 463 644 531; x_wconf 70' lang='grc' dir='ltr'><em>δὲ</em></span> <span class='ocrx_word' id='word_1_31' title='bbox 666 475 725 549; x_wconf 78' lang='grc' dir='ltr'><em>τῆς</em></span> <span class='ocrx_word' id='word_1_32' title='bbox 745 466 811 530; x_wconf 87' lang='grc' dir='ltr'><em>ὑπὸ</em></span> <span class='ocrx_word' id='word_1_33' title='bbox 835 469 933 530; x_wconf 83' lang='grc' dir='ltr'><em>ΖΕΘ</em></span> <span class='ocrx_word' id='word_1_34' title='bbox 956 466 993 530; x_wconf 87' lang='grc' dir='ltr'><em>τὸ</em></span> <span class='ocrx_word' id='word_1_35' title='bbox 1012 469 1090 530; x_wconf 90' lang='grc' dir='ltr'><em>ΑΒ.</em></span> 
     </span>
     <span class='ocr_line' id='line_1_5' title="bbox 77 572 1091 662; baseline -0.006 -19"><span class='ocrx_word' id='word_1_36' title='bbox 77 579 139 644; x_wconf 83' lang='grc' dir='ltr'><em>οὐκ</em></span> <span class='ocrx_word' id='word_1_37' title='bbox 166 577 333 660; x_wconf 81' lang='grc' dir='ltr'><em>ἀνάλογον</em></span> <span class='ocrx_word' id='word_1_38' title='bbox 365 578 429 662; x_wconf 86' lang='grc' dir='ltr'><em>ἀρα</em></span> <span class='ocrx_word' id='word_1_39' title='bbox 456 587 526 651; x_wconf 81' lang='grc' dir='ltr'><em>τοῖς</em></span> <span class='ocrx_word' id='word_1_40' title='bbox 553 575 780 658; x_wconf 80' lang='grc' dir='ltr'><em>ἀποστήμασιν</em></span> <span class='ocrx_word' id='word_1_41' title='bbox 812 572 928 658; x_wconf 84' lang='grc' dir='ltr'><em>ὁρᾶται</em></span> <span class='ocrx_word' id='word_1_42' title='bbox 960 572 1000 635; x_wconf 83' lang='grc' dir='ltr'><em>τά</em></span> <span class='ocrx_word' id='word_1_43' title='bbox 1033 577 1091 637; x_wconf 87' lang='grc' dir='ltr'><em>ίσα</em></span> 
     </span>
    </p>

    <p class='ocr_par' dir='ltr' id='par_1_3' title="bbox 44 682 1091 983">
     <span class='ocr_line' id='line_1_6' title="bbox 44 682 595 831; baseline -0.002 -85"><span class='ocrx_word' id='word_1_44' title='bbox 44 682 211 769; x_wconf 75' lang='grc' dir='ltr'><em>σμεγέθή.</em></span> <span class='ocrx_word' id='word_1_45' title='bbox 560 765 595 831; x_wconf 41' lang='grc' dir='ltr'><em>θ’</em></span> 
     </span>
     <span class='ocr_line' id='line_1_7' title="bbox 149 890 1091 983; baseline -0.005 -22"><span class='ocrx_word' id='word_1_46' title='bbox 149 898 195 961; x_wconf 88' lang='grc' dir='ltr'><em>Τά</em></span> <span class='ocrx_word' id='word_1_47' title='bbox 227 895 419 983; x_wconf 76' lang='grc' dir='ltr'><em>ὀρθογώνια</em></span> <span class='ocrx_word' id='word_1_48' title='bbox 451 891 575 976; x_wconf 79' lang='grc' dir='ltr'><em>μεγέθη</em></span> <span class='ocrx_word' id='word_1_49' title='bbox 613 890 645 969; x_wconf 81' lang='grc' dir='ltr'><em>ἐξ</em></span> <span class='ocrx_word' id='word_1_50' title='bbox 679 890 906 975; x_wconf 78' lang='grc' dir='ltr'><em>ἀποστήματος</em></span> <span class='ocrx_word' id='word_1_51' title='bbox 937 890 1091 976; x_wconf 81' lang='grc' dir='ltr'><em>ὁρώμενα</em></span> 
     </span>
    </p>
   </div>
   <div class='ocr_carea' id='block_1_3' title="bbox 76 1005 792 1140">
    <p class='ocr_par' dir='ltr' id='par_1_4' title="bbox 76 1005 792 1140">
     <span class='ocr_line' id='line_1_8' title="bbox 76 1005 792 1140; baseline -0.015 -71"><span class='ocrx_word' id='word_1_52' title='bbox 76 1011 238 1090; x_wconf 77' lang='grc' dir='ltr'><em>περιφερῆ</em></span> <span class='ocrx_word' id='word_1_53' title='bbox 262 1005 424 1086; x_wconf 80' lang='grc' dir='ltr'><em>φαίνεται.</em></span> <span class='ocrx_word' id='word_1_54' title='bbox 757 1079 792 1140; x_wconf 73' lang='lat' dir='ltr'><em>B</em></span> 
     </span>
    </p>
   </div>
   <div class='ocr_carea' id='block_1_4' title="bbox 25 1107 1083 1619">
    <p class='ocr_par' dir='ltr' id='par_1_5' title="bbox 144 1107 703 1194">
     <span class='ocr_line' id='line_1_9' title="bbox 144 1107 703 1194; baseline -0.005 -21"><span class='ocrx_word' id='word_1_55' title='bbox 144 1113 226 1174; x_wconf 81' lang='grc' dir='ltr'><em>ἔστω</em></span> <span class='ocrx_word' id='word_1_56' title='bbox 255 1109 318 1194; x_wconf 82' lang='grc' dir='ltr'><em>γὰρ</em></span> <span class='ocrx_word' id='word_1_57' title='bbox 342 1107 552 1194; x_wconf 79' lang='grc' dir='ltr'><em>ὀρθογώνιον</em></span> <span class='ocrx_word' id='word_1_58' title='bbox 574 1107 612 1171; x_wconf 88' lang='grc' dir='ltr'><em>τὸ</em></span> <span class='ocrx_word' id='word_1_59' title='bbox 635 1110 703 1170; x_wconf 90' lang='grc' dir='ltr'><em>ΒΓ</em></span> 
     </span>
    </p>

    <p class='ocr_par' dir='ltr' id='par_1_6' title="bbox 25 1213 699 1301">
     <span class='ocr_line' id='line_1_10' title="bbox 25 1213 699 1301; baseline -0.003 -23"><span class='ocrx_word' id='word_1_60' title='bbox 25 1231 58 1280; x_wconf 84' lang='grc'><em>10</em></span> <span class='ocrx_word' id='word_1_61' title='bbox 77 1215 179 1292; x_wconf 83' lang='grc' dir='ltr'><em>ἑστὼς</em></span> <span class='ocrx_word' id='word_1_62' title='bbox 210 1213 373 1301; x_wconf 87' lang='grc' dir='ltr'><em>μετέωρον</em></span> <span class='ocrx_word' id='word_1_63' title='bbox 407 1213 438 1292; x_wconf 81' lang='grc' dir='ltr'><em>ἐξ</em></span> <span class='ocrx_word' id='word_1_64' title='bbox 471 1214 699 1298; x_wconf 75' lang='grc' dir='ltr'><em>ἀποστήματος</em></span> 
     </span>
    </p>

    <p class='ocr_par' dir='ltr' id='par_1_7' title="bbox 77 1318 1083 1514">
     <span class='ocr_line' id='line_1_11' title="bbox 78 1318 697 1409; baseline -0.011 -20"><span class='ocrx_word' id='word_1_65' title='bbox 78 1324 256 1409; x_wconf 88' lang='grc' dir='ltr'><em>ὁρώμενον.</em></span> <span class='ocrx_word' id='word_1_66' title='bbox 301 1322 440 1405; x_wconf 81' lang='grc' dir='ltr'><em>οὐκοῦν,</em></span> <span class='ocrx_word' id='word_1_67' title='bbox 467 1318 535 1386; x_wconf 79' lang='grc' dir='ltr'><em>ἐπεὶ</em></span> <span class='ocrx_word' id='word_1_68' title='bbox 558 1318 697 1384; x_wconf 77' lang='grc' dir='ltr'><em>ἕκαστον</em></span> 
     </span>
     <span class='ocr_line' id='line_1_12' title="bbox 77 1422 1083 1514; baseline -0.009 -20"><span class='ocrx_word' id='word_1_69' title='bbox 77 1441 144 1494; x_wconf 83' lang='grc' dir='ltr'><em>τών</em></span> <span class='ocrx_word' id='word_1_70' title='bbox 165 1427 343 1514; x_wconf 77' lang='grc' dir='ltr'><em>ὁρωμένων</em></span> <span class='ocrx_word' id='word_1_71' title='bbox 361 1431 426 1512; x_wconf 81' lang='grc' dir='ltr'><em>ἔχει</em></span> <span class='ocrx_word' id='word_1_72' title='bbox 444 1451 476 1492; x_wconf 92' lang='grc' dir='ltr'><em>τι</em></span> <span class='ocrx_word' id='word_1_73' title='bbox 497 1435 599 1512; x_wconf 85' lang='grc' dir='ltr'><em>μήκος</em></span> <span class='ocrx_word' id='word_1_74' title='bbox 618 1426 697 1490; x_wconf 85' lang='grc' dir='ltr'><em>ἀπο·</em></span> <span class='ocrx_word' id='word_1_75' title='bbox 1054 1422 1083 1485; x_wconf 77' lang='grc' dir='ltr'>Ζ</span> 
     </span>
    </p>

    <p class='ocr_par' dir='ltr' id='par_1_8' title="bbox 78 1530 698 1619">
     <span class='ocr_line' id='line_1_13' title="bbox 78 1530 698 1619; baseline -0.003 -20"><span class='ocrx_word' id='word_1_76' title='bbox 78 1538 256 1619; x_wconf 80' lang='grc' dir='ltr'><em>στήματος,</em></span> <span class='ocrx_word' id='word_1_77' title='bbox 297 1530 338 1600; x_wconf 87' lang='grc' dir='ltr'><em>οὗ</em></span> <span class='ocrx_word' id='word_1_78' title='bbox 372 1537 551 1618; x_wconf 91' lang='grc' dir='ltr'><em>γενόμενον</em></span> <span class='ocrx_word' id='word_1_79' title='bbox 588 1532 698 1598; x_wconf 89' lang='grc' dir='ltr'><em>οὐκέτι</em></span> 
     </span>
    </p>
   </div>
   <div class='ocr_carea' id='block_1_5' title="bbox 953 1578 1075 1645">
    <p class='ocr_par' dir='ltr' id='par_1_9' title="bbox 953 1578 1075 1645">
     <span class='ocr_line' id='line_1_14' title="bbox 953 1578 1075 1645; baseline 0 -10"><span class='ocrx_word' id='word_1_80' title='bbox 953 1578 1075 1645; x_wconf 81' lang='grc' dir='ltr'><em>ΛΓ</em></span> 
     </span>
    </p>
   </div>
   <div class='ocr_carea' id='block_1_6' title="bbox 27 1637 1091 1833">
    <p class='ocr_par' dir='ltr' id='par_1_10' title="bbox 27 1637 1091 1833">
     <span class='ocr_line' id='line_1_15' title="bbox 78 1637 698 1726; baseline -0.003 -20"><span class='ocrx_word' id='word_1_81' title='bbox 78 1640 208 1726; x_wconf 79' lang='grc' dir='ltr'><em>ὁρᾶται,</em></span> <span class='ocrx_word' id='word_1_82' title='bbox 236 1640 256 1723; x_wconf 77' lang='grc' dir='ltr'><em>ἡ</em></span> <span class='ocrx_word' id='word_1_83' title='bbox 284 1637 345 1725; x_wconf 77' lang='grc' dir='ltr'><em>μὲν</em></span> <span class='ocrx_word' id='word_1_84' title='bbox 369 1644 401 1704; x_wconf 92' lang='grc' dir='ltr'>Γ</span> <span class='ocrx_word' id='word_1_85' title='bbox 422 1642 486 1726; x_wconf 86' lang='grc' dir='ltr'><em>ἀρα</em></span> <span class='ocrx_word' id='word_1_86' title='bbox 509 1644 614 1724; x_wconf 86' lang='grc' dir='ltr'><em>γωνία</em></span> <span class='ocrx_word' id='word_1_87' title='bbox 637 1640 698 1724; x_wconf 85' lang='grc' dir='ltr'><em>οὐχ</em></span> 
     </span>
     <span class='ocr_line' id='line_1_16' title="bbox 27 1743 1091 1833; baseline 0.004 -23"><span class='ocrx_word' id='word_1_88' title='bbox 27 1761 59 1810; x_wconf 79' lang='lat'><em>15</em></span> <span class='ocrx_word' id='word_1_89' title='bbox 78 1747 209 1833; x_wconf 79' lang='grc' dir='ltr'><em>ὁρᾶται,</em></span> <span class='ocrx_word' id='word_1_90' title='bbox 236 1747 277 1811; x_wconf 85' lang='grc' dir='ltr'><em>τά</em></span> <span class='ocrx_word' id='word_1_91' title='bbox 305 1743 342 1812; x_wconf 72' lang='grc' dir='ltr'><em>δὲ</em></span> <span class='ocrx_word' id='word_1_92' title='bbox 363 1753 410 1831; x_wconf 82' lang='grc' dir='ltr'><em>Δ,</em></span> <span class='ocrx_word' id='word_1_93' title='bbox 431 1752 458 1811; x_wconf 90' lang='grc' dir='ltr'>Ζ</span> <span class='ocrx_word' id='word_1_94' title='bbox 482 1760 599 1832; x_wconf 86' lang='grc' dir='ltr'><em>σήμεῑα</em></span> <span class='ocrx_word' id='word_1_95' title='bbox 625 1751 730 1833; x_wconf 91' lang='grc' dir='ltr'><em>μόνον</em></span> <span class='ocrx_word' id='word_1_96' title='bbox 757 1753 918 1833; x_wconf 81' lang='grc' dir='ltr'><em>φαίνεται,</em></span> <span class='ocrx_word' id='word_1_97' title='bbox 967 1749 1091 1833; x_wconf 88' lang='grc' dir='ltr'><em>ὁμοίως</em></span> 
     </span>
    </p>
   </div>
   <div class='ocr_carea' id='block_1_7' title="bbox 77 1852 1089 2047">
    <p class='ocr_par' dir='ltr' id='par_1_11' title="bbox 77 1852 1089 2047">
     <span class='ocr_line' id='line_1_17' title="bbox 77 1852 1089 1941; baseline 0.001 -23"><span class='ocrx_word' id='word_1_98' title='bbox 77 1852 133 1918; x_wconf 83' lang='grc' dir='ltr'><em>καὶ</em></span> <span class='ocrx_word' id='word_1_99' title='bbox 152 1853 205 1938; x_wconf 80' lang='grc' dir='ltr'><em>ἐφ’</em></span> <span class='ocrx_word' id='word_1_100' title='bbox 223 1852 360 1938; x_wconf 81' lang='grc' dir='ltr'><em>ἑκάστης</em></span> <span class='ocrx_word' id='word_1_101' title='bbox 377 1865 444 1919; x_wconf 89' lang='grc' dir='ltr'><em>τών</em></span> <span class='ocrx_word' id='word_1_102' title='bbox 463 1859 589 1920; x_wconf 83' lang='grc' dir='ltr'><em>λοιπῶν</em></span> <span class='ocrx_word' id='word_1_103' title='bbox 607 1867 738 1938; x_wconf 81' lang='grc' dir='ltr'><em>γωνιῶν</em></span> <span class='ocrx_word' id='word_1_104' title='bbox 761 1865 859 1920; x_wconf 85' lang='grc' dir='ltr'><em>τοῦτο</em></span> <span class='ocrx_word' id='word_1_105' title='bbox 878 1859 1089 1941; x_wconf 83' lang='grc' dir='ltr'><em>συμβήσεται.</em></span> 
     </span>
     <span class='ocr_line' id='line_1_18' title="bbox 79 1958 674 2047; baseline 0.002 -22"><span class='ocrx_word' id='word_1_106' title='bbox 79 1962 162 2025; x_wconf 88' lang='grc' dir='ltr'><em>ώστε</em></span> <span class='ocrx_word' id='word_1_107' title='bbox 185 1962 264 2026; x_wconf 87' lang='grc' dir='ltr'><em>όλον</em></span> <span class='ocrx_word' id='word_1_108' title='bbox 286 1958 462 2047; x_wconf 74' lang='grc' dir='ltr'><em>περιφερές</em></span> <span class='ocrx_word' id='word_1_109' title='bbox 484 1963 674 2045; x_wconf 81' lang='grc' dir='ltr'><em>φανήσεται.</em></span> 
     </span>
    </p>
   </div>
   <div class='ocr_carea' id='block_1_8' title="bbox 27 2164 1090 3306">
    <p class='ocr_par' dir='ltr' id='par_1_12' title="bbox 567 2164 601 2203">
     <span class='ocr_line' id='line_1_19' title="bbox 567 2164 601 2203; baseline 0 0"><span class='ocrx_word' id='word_1_110' title='bbox 567 2164 601 2203; x_wconf 89' lang='grc' dir='ltr'><em>ι.</em></span> 
     </span>
    </p>

    <p class='ocr_par' dir='ltr' id='par_1_13' title="bbox 151 2262 1089 2349">
     <span class='ocr_line' id='line_1_20' title="bbox 151 2262 1089 2349; baseline 0.003 -24"><span class='ocrx_word' id='word_1_111' title='bbox 151 2266 224 2327; x_wconf 82' lang='grc' dir='ltr'><em>Τῶν</em></span> <span class='ocrx_word' id='word_1_112' title='bbox 237 2262 325 2326; x_wconf 85' lang='grc' dir='ltr'><em>κάτω</em></span> <span class='ocrx_word' id='word_1_113' title='bbox 339 2271 400 2327; x_wconf 86' lang='grc' dir='ltr'><em>τοῦ</em></span> <span class='ocrx_word' id='word_1_114' title='bbox 414 2264 559 2347; x_wconf 78' lang='grc' dir='ltr'><em>ὄμματος</em></span> <span class='ocrx_word' id='word_1_115' title='bbox 572 2262 732 2348; x_wconf 82' lang='grc' dir='ltr'><em>κειμένων</em></span> <span class='ocrx_word' id='word_1_116' title='bbox 744 2263 908 2329; x_wconf 82' lang='grc' dir='ltr'><em>ἐπιπέδων</em></span> <span class='ocrx_word' id='word_1_117' title='bbox 921 2264 960 2328; x_wconf 86' lang='grc' dir='ltr'><em>τά</em></span> <span class='ocrx_word' id='word_1_118' title='bbox 974 2266 1089 2349; x_wconf 91' lang='grc' dir='ltr'><em>πόρρω</em></span> 
     </span>
    </p>

    <p class='ocr_par' dir='ltr' id='par_1_14' title="bbox 27 2371 1090 3306">
     <span class='ocr_line' id='line_1_21' title="bbox 27 2371 485 2455; baseline 0.007 -25"><span class='ocrx_word' id='word_1_119' title='bbox 27 2381 61 2430; x_wconf 83' lang='lat'><em>20</em></span> <span class='ocrx_word' id='word_1_120' title='bbox 79 2371 300 2455; x_wconf 89' lang='grc' dir='ltr'><em>μετεωρότερα</em></span> <span class='ocrx_word' id='word_1_121' title='bbox 323 2373 485 2453; x_wconf 84' lang='grc' dir='ltr'><em>φαίνεται.</em></span> 
     </span>
     <span class='ocr_line' id='line_1_22' title="bbox 146 2477 1089 2562; baseline -0.001 -22"><span class='ocrx_word' id='word_1_122' title='bbox 146 2478 227 2540; x_wconf 80' lang='grc' dir='ltr'><em>ἔστω</em></span> <span class='ocrx_word' id='word_1_123' title='bbox 252 2478 339 2560; x_wconf 86' lang='grc' dir='ltr'><em>όμμα</em></span> <span class='ocrx_word' id='word_1_124' title='bbox 362 2477 399 2541; x_wconf 91' lang='grc' dir='ltr'><em>τὸ</em></span> <span class='ocrx_word' id='word_1_125' title='bbox 419 2481 451 2540; x_wconf 87' lang='lat' dir='ltr'><em>A</em></span> <span class='ocrx_word' id='word_1_126' title='bbox 474 2479 715 2562; x_wconf 86' lang='grc' dir='ltr'><em>μετεωρότερον</em></span> <span class='ocrx_word' id='word_1_127' title='bbox 737 2481 888 2561; x_wconf 89' lang='grc' dir='ltr'><em>κείμενον</em></span> <span class='ocrx_word' id='word_1_128' title='bbox 906 2484 966 2540; x_wconf 87' lang='grc' dir='ltr'><em>τοῦ</em></span> <span class='ocrx_word' id='word_1_129' title='bbox 981 2479 1089 2559; x_wconf 85' lang='grc' dir='ltr'><em>ΒΕΓ,</em></span> 
     </span>
     <span class='ocr_line' id='line_1_23' title="bbox 78 2579 1090 2667; baseline 0.001 -22"><span class='ocrx_word' id='word_1_130' title='bbox 78 2579 135 2645; x_wconf 86' lang='grc' dir='ltr'><em>καὶ</em></span> <span class='ocrx_word' id='word_1_131' title='bbox 165 2581 459 2667; x_wconf 88' lang='grc' dir='ltr'><em>προσπιπτέτωσαν</em></span> <span class='ocrx_word' id='word_1_132' title='bbox 489 2582 618 2659; x_wconf 83' lang='grc' dir='ltr'><em>ἀκτῖνες</em></span> <span class='ocrx_word' id='word_1_133' title='bbox 645 2584 682 2647; x_wconf 85' lang='grc' dir='ltr'><em>αί</em></span> <span class='ocrx_word' id='word_1_134' title='bbox 705 2587 783 2666; x_wconf 80' lang='grc' dir='ltr'><em>ΑΒ,</em></span> <span class='ocrx_word' id='word_1_135' title='bbox 806 2588 886 2666; x_wconf 80' lang='grc' dir='ltr'><em>ΑΕ,</em></span> <span class='ocrx_word' id='word_1_136' title='bbox 910 2587 990 2662; x_wconf 82' lang='grc' dir='ltr'><em>ΑΛ,</em></span> <span class='ocrx_word' id='word_1_137' title='bbox 1014 2585 1090 2665; x_wconf 84' lang='grc' dir='ltr'><em>ΑΓ,</em></span> 
     </span>
     <span class='ocr_line' id='line_1_24' title="bbox 80 2682 1089 2773; baseline -0.001 -21"><span class='ocrx_word' id='word_1_138' title='bbox 80 2682 128 2753; x_wconf 81' lang='grc' dir='ltr'><em>ὧν</em></span> <span class='ocrx_word' id='word_1_139' title='bbox 150 2688 170 2770; x_wconf 80' lang='grc' dir='ltr'><em>ἡ</em></span> <span class='ocrx_word' id='word_1_140' title='bbox 190 2693 256 2752; x_wconf 88' lang='grc' dir='ltr'><em>ΑΒ</em></span> <span class='ocrx_word' id='word_1_141' title='bbox 279 2690 420 2765; x_wconf 88' lang='grc' dir='ltr'><em>κάθετος</em></span> <span class='ocrx_word' id='word_1_142' title='bbox 443 2692 524 2753; x_wconf 82' lang='grc' dir='ltr'><em>ἔστω</em></span> <span class='ocrx_word' id='word_1_143' title='bbox 548 2688 601 2753; x_wconf 80' lang='grc' dir='ltr'><em>ἐπὶ</em></span> <span class='ocrx_word' id='word_1_144' title='bbox 624 2691 660 2754; x_wconf 89' lang='grc' dir='ltr'><em>τὸ</em></span> <span class='ocrx_word' id='word_1_145' title='bbox 683 2689 900 2773; x_wconf 84' lang='grc' dir='ltr'><em>ὑποκείμενον</em></span> <span class='ocrx_word' id='word_1_146' title='bbox 923 2689 1089 2753; x_wconf 74' lang='grc' dir='ltr'><em>ἐπίπεδον.</em></span> 
     </span>
     <span class='ocr_line' id='line_1_25' title="bbox 80 2793 1090 2882; baseline -0.001 -24"><span class='ocrx_word' id='word_1_147' title='bbox 80 2793 179 2877; x_wconf 81' lang='grc' dir='ltr'><em>λέγω,</em></span> <span class='ocrx_word' id='word_1_148' title='bbox 207 2795 317 2861; x_wconf 81' lang='grc' dir='ltr'><em>ὅτιτὸ</em></span> <span class='ocrx_word' id='word_1_149' title='bbox 342 2799 403 2860; x_wconf 86' lang='grc' dir='ltr'><em>ΓΔ</em></span> <span class='ocrx_word' id='word_1_150' title='bbox 426 2804 486 2860; x_wconf 86' lang='grc' dir='ltr'><em>τοῦ</em></span> <span class='ocrx_word' id='word_1_151' title='bbox 509 2801 578 2860; x_wconf 82' lang='grc' dir='ltr'><em>ΔΕ</em></span> <span class='ocrx_word' id='word_1_152' title='bbox 599 2798 839 2882; x_wconf 84' lang='grc' dir='ltr'><em>μετεωρότερον</em></span> <span class='ocrx_word' id='word_1_153' title='bbox 862 2799 1029 2879; x_wconf 80' lang='grc' dir='ltr'><em>φαίνεται,</em></span> <span class='ocrx_word' id='word_1_154' title='bbox 1052 2795 1090 2858; x_wconf 85' lang='grc' dir='ltr'><em>τὸ</em></span> 
     </span>
     <span class='ocr_line' id='line_1_26' title="bbox 27 2896 1090 2987; baseline 0.004 -26"><span class='ocrx_word' id='word_1_155' title='bbox 27 2912 61 2962; x_wconf 77' lang='lat'><em>25</em></span> <span class='ocrx_word' id='word_1_156' title='bbox 81 2896 118 2964; x_wconf 70' lang='grc' dir='ltr'><em>δὲ</em></span> <span class='ocrx_word' id='word_1_157' title='bbox 145 2906 215 2966; x_wconf 85' lang='grc' dir='ltr'><em>ΔΕ</em></span> <span class='ocrx_word' id='word_1_158' title='bbox 244 2911 304 2965; x_wconf 87' lang='grc' dir='ltr'><em>τοῦ</em></span> <span class='ocrx_word' id='word_1_159' title='bbox 331 2906 403 2965; x_wconf 88' lang='grc' dir='ltr'><em>ΒΕ.</em></span> <span class='ocrx_word' id='word_1_160' title='bbox 458 2902 608 2985; x_wconf 81' lang='grc' dir='ltr'><em>εἰλήφθω</em></span> <span class='ocrx_word' id='word_1_161' title='bbox 637 2902 700 2987; x_wconf 82' lang='grc' dir='ltr'><em>γὰρ</em></span> <span class='ocrx_word' id='word_1_162' title='bbox 729 2898 782 2965; x_wconf 77' lang='grc' dir='ltr'><em>ἐπὶ</em></span> <span class='ocrx_word' id='word_1_163' title='bbox 809 2910 866 2985; x_wconf 76' lang='grc' dir='ltr'><em>τῆς</em></span> <span class='ocrx_word' id='word_1_164' title='bbox 893 2906 958 2965; x_wconf 85' lang='grc' dir='ltr'><em>ΒΕ</em></span> <span class='ocrx_word' id='word_1_165' title='bbox 988 2901 1090 2985; x_wconf 86' lang='grc' dir='ltr'><em>τυχὸν</em></span> 
     </span>
     <span class='ocr_line' id='line_1_27' title="bbox 80 3005 1089 3094; baseline 0 -23"><span class='ocrx_word' id='word_1_166' title='bbox 80 3019 216 3092; x_wconf 81' lang='grc' dir='ltr'><em>σημεῖον</em></span> <span class='ocrx_word' id='word_1_167' title='bbox 247 3008 329 3071; x_wconf 82' lang='grc' dir='ltr'><em>κατὰ</em></span> <span class='ocrx_word' id='word_1_168' title='bbox 361 3008 397 3071; x_wconf 89' lang='grc' dir='ltr'><em>τὸ</em></span> <span class='ocrx_word' id='word_1_169' title='bbox 427 3011 469 3089; x_wconf 84' lang='grc' dir='ltr'><em>Ζ,</em></span> <span class='ocrx_word' id='word_1_170' title='bbox 501 3005 555 3072; x_wconf 83' lang='grc' dir='ltr'><em>καὶ</em></span> <span class='ocrx_word' id='word_1_171' title='bbox 587 3009 681 3092; x_wconf 83' lang='grc' dir='ltr'><em>ήχθω</em></span> <span class='ocrx_word' id='word_1_172' title='bbox 714 3008 797 3093; x_wconf 87' lang='grc' dir='ltr'><em>πρὸς</em></span> <span class='ocrx_word' id='word_1_173' title='bbox 828 3007 935 3094; x_wconf 80' lang='grc' dir='ltr'><em>ὀρθὰς</em></span> <span class='ocrx_word' id='word_1_174' title='bbox 964 3006 984 3090; x_wconf 83' lang='grc' dir='ltr'><em>ή</em></span> <span class='ocrx_word' id='word_1_175' title='bbox 1013 3011 1089 3071; x_wconf 91' lang='grc' dir='ltr'><em>ΖΗ.</em></span> 
     </span>
     <span class='ocr_line' id='line_1_28' title="bbox 80 3111 1089 3200; baseline 0 -22"><span class='ocrx_word' id='word_1_176' title='bbox 80 3111 163 3198; x_wconf 85' lang='grc' dir='ltr'><em>[καὶ]</em></span> <span class='ocrx_word' id='word_1_177' title='bbox 198 3112 266 3178; x_wconf 81' lang='grc' dir='ltr'><em>ἐπεὶ</em></span> <span class='ocrx_word' id='word_1_178' title='bbox 299 3116 335 3178; x_wconf 79' lang='grc' dir='ltr'><em>αἱ</em></span> <span class='ocrx_word' id='word_1_179' title='bbox 365 3115 457 3192; x_wconf 75' lang='grc' dir='ltr'><em>ὄψεις</em></span> <span class='ocrx_word' id='word_1_180' title='bbox 488 3117 651 3200; x_wconf 88' lang='grc' dir='ltr'><em>πρότερον</em></span> <span class='ocrx_word' id='word_1_181' title='bbox 682 3115 765 3199; x_wconf 91' lang='grc' dir='ltr'><em>πρὸς</em></span> <span class='ocrx_word' id='word_1_182' title='bbox 795 3115 857 3198; x_wconf 87' lang='grc' dir='ltr'><em>τήν</em></span> <span class='ocrx_word' id='word_1_183' title='bbox 886 3117 959 3177; x_wconf 91' lang='grc' dir='ltr'><em>ΖΗ</em></span> <span class='ocrx_word' id='word_1_184' title='bbox 987 3130 1089 3199; x_wconf 92' lang='grc' dir='ltr'><em>προσ-</em></span> 
     </span>
     <span class='ocr_line' id='line_1_29' title="bbox 78 3218 1089 3306; baseline -0.001 -21"><span class='ocrx_word' id='word_1_185' title='bbox 78 3224 258 3285; x_wconf 86' lang='grc' dir='ltr'><em>πίπτουσιν</em></span> <span class='ocrx_word' id='word_1_186' title='bbox 280 3221 361 3306; x_wconf 88' lang='grc' dir='ltr'><em>ήπερ</em></span> <span class='ocrx_word' id='word_1_187' title='bbox 384 3222 468 3306; x_wconf 88' lang='grc' dir='ltr'><em>πρὸς</em></span> <span class='ocrx_word' id='word_1_188' title='bbox 489 3222 550 3304; x_wconf 84' lang='grc' dir='ltr'><em>τήν</em></span> <span class='ocrx_word' id='word_1_189' title='bbox 575 3224 644 3303; x_wconf 79' lang='grc' dir='ltr'><em>ΖΓ,</em></span> <span class='ocrx_word' id='word_1_190' title='bbox 667 3218 895 3306; x_wconf 88' lang='grc' dir='ltr'><em>προσπιπτέτω</em></span> <span class='ocrx_word' id='word_1_191' title='bbox 919 3229 958 3305; x_wconf 74' lang='grc' dir='ltr'><em>τῇ</em></span> <span class='ocrx_word' id='word_1_192' title='bbox 979 3223 1050 3284; x_wconf 92' lang='grc' dir='ltr'><em>ΖΗ</em></span> <span class='ocrx_word' id='word_1_193' title='bbox 1069 3218 1089 3302; x_wconf 84' lang='grc' dir='ltr'><em>ή</em></span> 
     </span>
    </p>
   </div>
   <div class='ocr_carea' id='block_1_9' title="bbox 79 3339 292 3347">
    <p class='ocr_par' dir='ltr' id='par_1_15' title="bbox 79 3339 292 3347">
     <span class='ocr_line' id='line_1_30' title="bbox 79 3339 292 3347; baseline -0.014 0"><span class='ocrx_word' id='word_1_194' title='bbox 79 3339 127 3347; x_wconf 83' lang='lat'><em>—.</em></span> <span class='ocrx_word' id='word_1_195' title='bbox 162 3341 187 3346; x_wconf 81' lang='lat'>-</span> <span class='ocrx_word' id='word_1_196' title='bbox 223 3339 292 3345; x_wconf 55' lang='lat'><em>‚—</em></span> 
     </span>
    </p>
   </div>
   <div class='ocr_carea' id='block_1_10' title="bbox 79 3393 1090 3535">
    <p class='ocr_par' dir='ltr' id='par_1_16' title="bbox 79 3393 1090 3535">
     <span class='ocr_line' id='line_1_31' title="bbox 152 3393 1090 3467; baseline -0.001 -18"><span class='ocrx_word' id='word_1_197' title='bbox 152 3402 176 3450; x_wconf 91' lang='lat'><em>1.</em></span> <span class='ocrx_word' id='word_1_198' title='bbox 204 3396 274 3465; x_wconf 88' lang='grc' dir='ltr'><em>πρὸς</em></span> <span class='ocrx_word' id='word_1_199' title='bbox 295 3394 347 3464; x_wconf 79' lang='grc' dir='ltr'><em>τὴν</em></span> <span class='ocrx_word' id='word_1_200' title='bbox 372 3397 438 3467; x_wconf 86' lang='grc' dir='ltr'><em>ΕΔ]</em></span> <span class='ocrx_word' id='word_1_201' title='bbox 467 3393 566 3464; x_wconf 79' lang='grc' dir='ltr'><em>γωνία,</em></span> <span class='ocrx_word' id='word_1_202' title='bbox 596 3412 663 3450; x_wconf 84' lang='lat' dir='ltr'>corr.</span> <span class='ocrx_word' id='word_1_203' title='bbox 688 3394 718 3447; x_wconf 83' lang='lat' dir='ltr'><em>in</em></span> <span class='ocrx_word' id='word_1_204' title='bbox 742 3396 842 3448; x_wconf 76' lang='grc' dir='ltr'><em>εὐθεῖα</em></span> <span class='ocrx_word' id='word_1_205' title='bbox 864 3393 934 3462; x_wconf 84' lang='grc' dir='ltr'><em>πρὸς</em></span> <span class='ocrx_word' id='word_1_206' title='bbox 958 3393 1010 3464; x_wconf 79' lang='grc' dir='ltr'><em>τήν</em></span> <span class='ocrx_word' id='word_1_207' title='bbox 1034 3397 1090 3448; x_wconf 86' lang='grc' dir='ltr'><em>ΕΔ</em></span> 
     </span>
     <span class='ocr_line' id='line_1_32' title="bbox 79 3466 1088 3535; baseline -0.004 -13"><span class='ocrx_word' id='word_1_208' title='bbox 79 3484 115 3522; x_wconf 75' lang='lat' dir='ltr'><strong>m</strong></span> <span class='ocrx_word' id='word_1_209' title='bbox 136 3473 150 3520; x_wconf 92' lang='lat'>1</span> <span class='ocrx_word' id='word_1_210' title='bbox 170 3468 204 3523; x_wconf 84' lang='lat' dir='ltr'><em>V.</em></span> <span class='ocrx_word' id='word_1_211' title='bbox 285 3467 353 3520; x_wconf 72' lang='lat' dir='ltr'><strong>Post</strong></span> <span class='ocrx_word' id='word_1_212' title='bbox 371 3471 427 3522; x_wconf 86' lang='grc' dir='ltr'><em>ΕΔ</em></span> <span class='ocrx_word' id='word_1_213' title='bbox 446 3467 509 3521; x_wconf 80' lang='lat' dir='ltr'>add.</span> <span class='ocrx_word' id='word_1_214' title='bbox 530 3468 648 3521; x_wconf 81' lang='grc' dir='ltr'><em>εὐθεῖαν</em></span> <span class='ocrx_word' id='word_1_215' title='bbox 666 3466 724 3535; x_wconf 85' lang='lat' dir='ltr'><em>Bv,</em></span> <span class='ocrx_word' id='word_1_216' title='bbox 749 3467 848 3520; x_wconf 80' lang='grc' dir='ltr'><em>εὐθεῖα</em></span> <span class='ocrx_word' id='word_1_217' title='bbox 867 3466 931 3520; x_wconf 71' lang='lat' dir='ltr'><strong>vat.</strong></span> <span class='ocrx_word' id='word_1_218' title='bbox 952 3468 979 3535; x_wconf 90' lang='grc' dir='ltr'><em>(ν</em></span> <span class='ocrx_word' id='word_1_219' title='bbox 997 3483 1033 3519; x_wconf 93' lang='lat' dir='ltr'><em>m.</em></span> <span class='ocrx_word' id='word_1_220' title='bbox 1054 3468 1088 3535; x_wconf 82' lang='lat'><em>2).</em></span> 
     </span>
    </p>
   </div>
   <div class='ocr_carea' id='block_1_11' title="bbox 0 0 1172 3788">
    <p class='ocr_par' dir='ltr' id='par_1_17' title="bbox 0 0 1172 3788">
     <span class='ocr_line' id='line_1_33' title="bbox 0 0 1172 3788; baseline 0 1"><span class='ocrx_word' id='word_1_221' title='bbox 0 0 1172 3788; x_wconf 95' lang='lat' dir='ltr'><em> </em></span> 
     </span>
    </p>
   </div>
  </div>
 </body>
</html>
