2334 3788
78 120 122 185 32
418 119 588 171 EUCLIDIS
607 119 746 172 OPTIGA.

77 262 218 351 πλευραὶ
242 266 306 351 ἄρα
329 263 496 347 ἀνοίλογον
519 265 659 328 ἔσονται.
705 265 796 328 ἔστιν
819 264 893 348 ἄρα,
917 261 962 338 ὡς
984 260 1004 344 ἡ
1028 265 1094 326 ΒΖ

78 373 162 458 πρὸς
184 372 245 454 τὴν
270 375 346 454 ΖΒ,
370 370 390 454 ἡ
414 376 481 435 ΛΑ
503 371 586 456 πρὸς
608 371 670 453 τὴν
692 373 767 434 AB.
813 366 886 434 ἀλλ’
907 368 925 434 ὁ
948 377 1006 451 της
1029 372 1095 432 ΒΖ

78 480 162 564 πρὸς
188 479 250 561 τὴν
280 482 340 542 ΖΒ
369 481 468 560 λόγος
495 475 564 542 ἐστὶ
591 478 769 562 γνώριμος·
807 474 862 554 καὶ
895 475 913 541 ὁ
941 484 1000 558 της
1026 479 1094 538 ΛΑ

80 587 144 671 ἄρα
166 585 250 670 πρὸς
271 585 332 667 τὴν
355 588 422 648 ΑΒ
446 587 544 666 λόγος
567 580 636 648 ἐστὶ
658 584 832 668 γνώριμος.
869 585 927 647 καί
948 580 1016 646 έστι
1037 579 1094 645 καὶ

45 693 116 756 στὸ
140 695 206 756 AB
230 691 408 776 γνώριμον.
444 687 499 754 καὶ
522 690 559 754 τὸ
578 694 644 753 ΑΔ
668 691 731 775 ἄρα
756 690 925 774 γνώριμόν
948 688 1047 754 ἐστιν.

553 889 617 930 κα.

152 994 199 1057 Τὸ
225 987 329 1056 δοθὲν
352 999 454 1075 μῆκος
477 990 672 1073 ἐπιγνῶναι,
695 993 836 1072 πηλίκον
860 989 959 1055 ἐστίν.

147 1103 229 1164 ἔστω
253 1099 290 1163 τὸ
313 1092 418 1161 δοθὲν
441 1106 543 1181 μῆκος
565 1098 602 1161 τὸ
621 1100 698 1180 ΑΒ,
722 1098 809 1181 ὄμμα
832 1092 869 1160 δὲ
892 1099 974 1160 ἔστω
998 1096 1035 1160 τὸ
1056 1099 1094 1178 Γ,

80 1204 136 1272 καὶ
159 1204 237 1270 δέον
260 1207 342 1269 ἔστω
366 1205 403 1268 τὸ
427 1208 493 1267 ΑΒ
521 1212 623 1287 μῆκος
650 1214 791 1288 γνῶναι,
823 1205 964 1285 πηλίκον
993 1202 1094 1267 ἐστίν.

28 1323 61 1372 10
79 1310 374 1397 προσπιπτέτωσαν
392 1309 522 1386 ἀκτῖνες
537 1311 574 1374 αί
587 1313 657 1392 ΓΑ,

29 1488 31 1492 ,
81 1421 157 1501 ΓΒ,
193 1415 248 1481 καλ
281 1419 433 1500 εἰλήφθω
469 1415 566 1499 ε’γγὺς
597 1425 658 1479 τοῦ

81 1526 225 1608 ὄμματος
252 1533 312 1588 τοῦ
340 1526 373 1587 Γ
400 1520 453 1587 ἐπὶ
485 1532 543 1606 τῆς
570 1522 658 1587 ἀκτί-

80 1654 139 1708 νος
165 1631 268 1715 τυχὸν
295 1640 432 1713 σημεῖον
459 1630 496 1694 τὸ
525 1635 572 1713 Δ,
603 1626 659 1693 καὶ

79 1738 174 1821 ἤχθω
207 1737 264 1800 διὰ
295 1744 355 1800 τοῦ
382 1740 416 1799 A
448 1738 585 1818 σημείου
618 1745 658 1820 τῇ

29 1853 62 1902 15
81 1848 147 1909 AB
170 1842 379 1929 παροίλληλος
401 1841 517 1906 εὐθεῖα
539 1840 560 1924 ἡ
583 1847 659 1905 ΔΕ.

82 1948 150 2014 ἐπεὶ
182 1946 244 2015 οὖν
275 1950 441 2034 τριγώνου
470 1957 530 2012 τοῦ
560 1952 666 2013 ΑΒΓ
703 1991 739 2052 Α

80 2057 169 2141 παρὰ
182 2059 262 2140 μίαν
275 2065 343 2119 τῶν
356 2060 510 2139 πλευρῶν
523 2055 584 2138 τὴν
598 2059 660 2119 ΒΑ

80 2157 176 2244 ἦκται
195 2161 215 2244 ἡ
232 2167 310 2244 ΛΕ,
333 2164 423 2225 ἔστιν
441 2163 516 2246 ἄρα,
537 2161 582 2237 ὡς
599 2161 619 2245 ἡ
635 2165 696 2226 ΓΔ
713 2162 796 2246 πρὸς
814 2162 876 2244 τὴν
888 2166 965 2245 ΛΕ,
989 2162 1095 2238 οὕτως

82 2267 178 2351 MA
196 2269 279 2353 πρὸς
292 2268 353 2350 τὴν
367 2271 443 2332 AB.
471 2265 544 2332 ἀλλ’
559 2267 576 2332 ὁ
591 2276 649 2351 τῆς
663 2271 724 2332 ΓΔ
741 2269 825 2353 πρὸς
837 2270 899 2352 την
912 2274 981 2333 ΔΒ
998 2273 1096 2352 λόγος

29 2385 63 2434 20
82 2373 151 2439 ἐστὶ
170 2375 348 2459 γνώριμος·
371 2371 427 2438 καὶ
445 2373 462 2438 ὁ
482 2383 539 2457 τῆς
557 2378 589 2437 Α
596 2377 629 2438 Γ
646 2375 710 2459 ἄρα
733 2375 815 2459 πρὸς
833 2376 894 2458 τὴν
912 2379 978 2439 ΑΒ
998 2378 1095 2457 λόγος

81 2482 247 2566 γνώριμός
270 2479 369 2545 ἐστιν.
405 2478 460 2544 καλ
484 2480 650 2565 γνώριμός
668 2479 759 2545 ἐστιν
777 2479 797 2563 η
816 2487 849 2545 A
856 2484 891 2545 Γ.
928 2482 1095 2567 γνώριμος

50 2671 52 2675 ¹
82 2587 145 2671 ἄρα
168 2583 224 2651 καὶ
246 2584 267 2668 ἡ
290 2590 367 2650 ΑΒ.

559 2692 623 2776 αλλ’.

147 2813 223 2881 Ἐὰν
247 2816 283 2881 έν
306 2826 351 2904 τῷ
376 2816 464 2904 αὐτῷ
489 2815 647 2905 ἐπιπέδῳ,
675 2817 711 2883 ἐν
735 2810 761 2906 ᾧ
784 2818 820 2882 τὸ
845 2819 946 2901 λίμμα,
969 2817 1094 2882 κύκλου

28 2933 63 2984 25
81 2920 274 3009 περιφέρεια
309 2929 406 3007 τεθῇ,
443 2921 463 3004 ἡ
495 2931 556 2986 τοῦ
588 2925 711 2989 κύκλου
749 2921 941 3009 περιφέρεια
978 2923 1094 2988 εὐθεῖα

82 3030 215 3117 γραμμὴ
239 3032 401 3113 φαίνεται.

86 3179 89 3183 -
149 3138 231 3201 ἔστω
250 3136 375 3199 κύκλου
393 3132 584 3220 περιφέρεια
603 3134 707 3218 ηΒΓ
724 3135 759 3200 ἐν
778 3145 823 3224 τῷ
843 3135 931 3225 αὐτῷ
952 3135 1093 3226 ἐπιπέδῳ

81 3241 214 3328 κειμένη
246 3250 291 3329 τῷ
324 3242 443 3325 ὄμματι
475 3250 521 3329 τῷ
553 3247 600 3325 Α,
637 3240 696 3326 ἀφ’
727 3237 767 3308 οὗ
799 3243 1095 3329 προσπιπτέτωσαν

155 3404 178 3452 1.
204 3398 278 3452 Ante
307 3396 379 3452 ἔστιν
408 3397 462 3451 del.
487 3414 575 3467 comp.
607 3397 662 3465 ἄρα
690 3398 721 3453 Β.
812 3405 836 3455 4.
866 3398 915 3454 καί
930 3400 1012 3472 (alt.)]
1040 3419 1093 3457 om.

82 3468 208 3525 BVatJ.
281 3473 304 3522 ὃ.
325 3468 382 3523 ἐστι
399 3469 465 3522 vat.
530 3474 554 3522 6.
573 3468 636 3540 uoc‘]
655 3470 703 3540 κβ’
724 3470 803 3525 codd.
870 3477 894 3526 9.
914 3469 978 3543 καί]
999 3490 1093 3529 om.v.
