2334 3788
83 131 126 196 80
423 132 592 186 EUOLIDIS
611 132 748 187 ΟΡΤΙΟΔ.

81 278 145 363 ὄρα
168 278 350 361 φανήσεται
377 275 397 358 ἡ
420 280 487 340 AB
515 280 668 359 τήςΕΖ.
713 275 814 341 πάλιν
839 274 909 340 ἐπεὶ
931 279 1050 360 μείζων
1073 276 1093 359 ή

81 385 165 468 πρὸς
187 392 232 471 τῷ
258 387 286 447 Θ
313 380 526 468 περιεχομένη
553 382 618 447 ὑπὸ
645 392 713 447 τῶν
735 386 815 465 ΕΘ,
837 386 899 447 ΘΖ
927 391 985 466 τῆς
1012 383 1095 468 πρὸς

81 498 127 576 τῷ
159 492 201 571 Θ,
233 486 465 574 περιεχομένης
494 484 530 552 δὲ
556 487 622 552 ὑπὸ
650 498 718 552 τῶν
746 490 856 572 ΓΘΑ,
884 491 1003 573 μείζων
1030 491 1095 575 άρα

83 595 268 678 ὀφθήσεται
291 595 311 678 ή
335 601 398 660 ΕΖ
421 604 479 678 τής
502 598 572 658 ΓΛ.

47 803 62 852 ε
561 787 623 858 λς’.

153 918 227 979 Τῶν
250 913 405 999 ἁρμάτων
429 916 464 979 οί
483 912 597 1000 τροχολ
619 910 697 979 ποτὲ
720 911 780 999 μὲν
797 916 999 991 κυκλοειδεῖς
1017 917 1094 999 φαί-

81 1044 211 1105 νονται,
234 1017 312 1086 ποτὲ
336 1017 372 1085 δὲ
395 1019 668 1107 παρεσπασμένοι.

148 1131 231 1193 ἐστω
261 1129 379 1213 τροχὸς
406 1128 424 1194 δ
447 1131 595 1212 ΑΒΓΔ,
628 1126 684 1193 καλ
709 1130 903 1212 διήχθωσαν
927 1128 1096 1214 διάμετροι

83 1236 120 1299 αι’
136 1240 208 1319 ΒΑ,
228 1239 289 1300 ΓΔ
311 1233 489 1320 τέμνουσαι
514 1234 656 1318 ἀλλήλας
677 1236 761 1322 πρὸς
782 1236 888 1321 ὀρθάς
910 1235 992 1299 κατά
1010 1236 1048 1301 τὸ
1067 1239 1099 1299 Ε

32 1355 66 1404 10
84 1353 234 1425 σημεῖον,
257 1339 312 1405 καλ
335 1345 459 1407 κείσθω
483 1344 571 1426 ὄμμα
594 1344 638 1426 μή
662 1341 698 1407 ἐν
720 1351 766 1428 τῷ
791 1340 933 1430 ἐπιπέδῳ
956 1350 1016 1406 τοῦ
1039 1342 1096 1406 κύ-

83 1452 173 1511 κλου.
229 1447 287 1512 ἐάν
319 1450 383 1534 άρα
415 1450 434 1533 ή
463 1448 526 1513 άπὸ
554 1457 615 1513 τοῦ
643 1450 787 1533 ὄμματος
814 1445 867 1513 ε’πὶ
893 1449 930 1512 τὸ
958 1445 1097 1533 κέντρον

84 1552 339 1638 ἐπιζευγνυμένη
362 1556 445 1640 πρὸς
468 1553 574 1641 ὀρθάς
597 1549 618 1641 ᾖ
640 1565 686 1642 τῷ
710 1552 852 1643 ἐπιπέδῳ
876 1553 896 1637 ἢ
921 1560 975 1636 λ’ση
998 1564 1038 1640 τῇ
1062 1553 1097 1619 ἐκ

23 1651 56 1700 Ν
84 1669 144 1724 τοῦ
175 1659 331 1746 κέντρου,
370 1663 407 1726 αέ
437 1661 607 1747 διάμετροι
638 1670 740 1726 πᾶσαι
777 1667 844 1726 ίσαι
877 1663 1097 1744 φανήσονται·

86 1767 168 1830 ὥστε
191 1765 209 1830 ὁ
228 1767 345 1851 τροχὸς
367 1767 560 1850 κυκλοειδης
583 1769 745 1851 φαίνεται.
782 1765 840 1829 ἐδιν
859 1761 896 1829 δὲ
914 1764 934 1848 ἡ
955 1764 1017 1830 άπὸ
1037 1774 1097 1830 τοῦ

35 1888 68 1936 15
87 1872 231 1956 ὄμματος
249 1871 302 1938 έπλ
320 1874 357 1938 τὸ
371 1872 510 1960 κέντρον
529 1870 784 1957 ἐπιζευγνυμένη
803 1874 882 1957 μήτε
895 1873 978 1958 πρὸς
992 1872 1099 1958 ὀρθάς

84 1971 174 2066 ᾖτςό
199 1978 342 2068 ἐπιπέδφ
366 1982 445 2064 μήτε
474 1986 527 2064 ίση
555 1989 595 2066 τῇ
624 1980 659 2045 ἐκ
687 1987 746 2044 τοῦ
774 1977 928 2062 κέντρου,
960 1979 998 2043 αί
1027 1979 1098 2043 διά-

88 2107 200 2169 μετροι
228 2087 337 2150 ὄνισοι
368 2088 590 2171 φανήσονται,
621 2089 680 2171 μία
712 2082 771 2170 μὲν
803 2087 938 2170 μεγίστη
971 2088 1030 2169 μία
1062 2083 1098 2151 δὲ

87 2188 254 2274 ἐλαχίστη,
283 2192 370 2277 πάση
394 2189 430 2255 δὲ
454 2194 536 2277 άλλη
558 2190 677 2276 μεταξὺ
705 2200 763 2274 τῆς
785 2195 939 2276 μεγίστης
965 2189 1101 2275 καὶτῆς

88 2295 259 2380 ἐλαχίστης
283 2296 441 2383 διηγμένη
465 2300 546 2380 άλλη
570 2301 628 2382 μία
647 2300 751 2382 μόνον
770 2297 954 2382 ὀφθήσεται
974 2303 1028 2382 ίση
1048 2297 1100 2363 ἐπὶ

34 2417 69 2468 20
87 2403 127 2466 τά
145 2401 239 2489 ἕτερα
256 2402 338 2490 μέρη
357 2403 528 2489 διηγμένη·
553 2405 636 2468 ὥστε
660 2404 677 2469 ὁ
696 2405 813 2489 τροχὸς
830 2403 1100 2491 παρεσπασμένος

90 2512 250 2592 φαίνεται.

565 2633 625 2712 λζ’.

144 2756 238 2823 ’Ἐστι
259 2761 368 2842 τόπος,
391 2754 432 2824 οὗ
450 2768 510 2823 τοῦ
529 2761 673 2844 ὄμματος
691 2756 858 2844 μένοντος,
882 2769 941 2824 τοῦ
961 2756 998 2824 δὲ
1017 2759 1100 2846 δρω-

89 2863 190 2948 μένου
214 2864 468 2949 μεθισταμένου,
492 2872 566 2930 λ’σον
589 2864 639 2930 άεὶ
662 2867 699 2930 τὸ
723 2866 892 2951 ὁρώμενον
915 2869 1077 2950 φαίνεται.

36 2979 70 3030 25
156 2975 238 3036 ε”στω
262 2973 349 3056 ὄμμα
368 2973 405 3036 τὸ
422 2978 464 3055 A,
488 2972 657 3058 ὁρώμενον
677 2968 713 3036 δὲ
731 2971 871 3057 μέγεθος
890 2973 926 3037 τὸ
942 2975 1014 3055 ΒΓ,
1039 2970 1098 3056 ἀφ’

94 3073 135 3143 οὗ
162 3076 455 3164 προσπιπτέτωσαν
487 3077 616 3156 ἀκτῖνες
642 3081 679 3143 αἱ
704 3084 784 3163 AB,
808 3082 888 3162 ΑΓ,
926 3076 982 3142 καλ
1009 3100 1100 3164 περι-

90 3185 271 3271 γεγράφθω
294 3183 369 3271 περλ
392 3186 429 3250 τὸ
453 3188 557 3250 ΑΒΓ
578 3187 699 3262 κύκλος
726 3185 744 3251 δ
768 3188 876 3250 ΑΒΓ.
922 3183 1021 3268 λέγω,
1050 3185 1100 3250 ὄτι

162 3418 185 3464 λ.
205 3411 272 3482 ὑπό]
292 3407 323 3465 δὲ
342 3410 397 3466 ὑπό
416 3430 451 3466 m.
526 3412 672 3483 ΕΘ,ΘΖ]
692 3414 777 3466 ΕΘΖ
795 3429 830 3466 m.
897 3413 1049 3537 ΘΖχῙοοετ.
1066 3429 1101 3466 ex

93 3483 148 3535 ΘΕ
166 3482 228 3536 Vat.
299 3487 322 3537 3.
343 3479 524 3553 περιεχομένη
543 3500 579 3536 m.
653 3488 677 3537 ὁ.
697 3482 754 3554 λς’]
775 3499 869 3552 om.v,
889 3485 933 3552 με’
976 3483 1100 3555 ,μγἈ,
