2334 3788
107 117 150 183 92
446 115 616 169 Εσοιιοιε
636 115 773 168 0ch.

107 266 185 345 ΕΒ,
204 267 284 346 ΑΔ,
303 265 381 344 BA,
408 259 462 326 καὶ
485 259 741 345 περιγεγράφθω
764 257 840 344 περὶ
862 260 899 323 τὸ
923 263 1023 323 ΑΕΒ
1047 261 1115 343 τρί-

107 393 218 452 γωνον
235 377 343 453 τμῆμα
362 369 398 433 τὸ
409 371 524 451 ΑΕΒ,
542 365 598 431 καὶ
611 369 735 432 κείσθω
749 377 789 452 τῇ
802 366 868 431 ὑπὸ
883 377 950 431 τῶν
964 370 1035 450 ΓΔ,
1049 371 1115 430 AB

107 478 212 563 γωνία
235 481 288 558 ἴση
312 477 416 556 γωνία
439 474 459 557 ἡ
482 475 547 539 ὑπὸ
570 485 637 539 τῶν
661 477 731 556 ΓΑ,
749 478 830 557 ΑΖ,
853 472 908 539 καὶ
932 473 1115 557 ἐπεζεύχθω

107 583 127 666 ἡ
152 588 223 648 ΒΖ.
269 582 306 647 έν
333 583 442 669 κύκλῳ
470 583 534 667 ὄρα
562 579 630 646 ἐστὶ
658 582 698 646 τὰ
725 586 769 665 B,
793 588 839 665 A,
864 586 906 665 Z,
930 588 963 644 A
990 593 1117 664 σημεῖα.

73 688 177 755 σε’πεὶ
205 685 267 755 οὖν
293 692 411 773 μείζων
439 691 543 772 γωνία
569 688 590 770 ἡ
613 689 678 753 ὑπὸ
701 693 802 753 ΑΕΒ
830 698 888 772 τῆς
914 688 979 753 ὑπὸ
1003 693 1117 771 ΑΖΒ,

49 863 63 889 ,ἃ
107 795 127 879 ἡ
152 793 188 861 δὲ
210 796 275 861 ὑπὸ
294 801 394 861 ΑΖΒ
417 806 457 882 τῇ
477 795 542 861 ὑπὸ
561 806 628 860 τῶν
647 800 723 880 AA,
740 800 807 860 AB
832 802 886 878 ίση
910 794 1009 879 ἐστίν,
1024 795 1117 861 ·ε’πει-

108 904 211 989 δήπερ
239 903 277 968 έν
304 912 349 990 τῷ
377 903 466 990 αὐτῷ
494 905 637 987 τμήματί
662 902 766 987 έστιν,
798 901 854 967 καὶ
880 902 900 986 ἡ
927 902 992 968 ὑπὸ
1016 908 1119 968 ΑΕΒ

108 1011 172 1101 ὄρα
199 1019 256 1094 τῆς
282 1010 347 1075 ὑπὸ
370 1014 469 1074 ΑΔΒ
498 1013 615 1094 μείζων
643 1008 741 1075 ἐστίν.
787 996 859 1075 ἀλλ’
884 1009 949 1074 ὑπὸ
977 1006 1038 1094 μὲν
1060 1019 1118 1094 τῆς

80 1152 91 1183 .·.
107 1104 172 1180 ὑπὸ
195 1121 295 1180 AAB
322 1117 359 1181 τὸ
387 1121 453 1180 ΑΒ
481 1114 633 1204 βλέπεται
660 1125 720 1180 τοῦ
748 1115 892 1201 ὄμματος
919 1114 972 1181 ἐπὶ
1000 1125 1060 1181 τοῦ
1084 1121 1117 1180 A

56 1236 90 1285 10
108 1220 214 1305 ὄντος,
236 1222 301 1287 ὑπὸ
325 1219 362 1287 δὲ
380 1231 438 1306 τῆς
455 1222 520 1287 ὑπὸ
539 1227 639 1286 ΑΕΒ
663 1224 700 1287 τὸ
720 1223 800 1288 αὐτὸ
819 1224 856 1287 τὸ
875 1227 941 1287 ΑΒ
965 1221 1117 1315 βλέπεται

108 1338 168 1394 τοῦ
196 1328 341 1413 ὄμματος
367 1326 421 1393 έπὶ
448 1337 507 1392 τοῦ
530 1333 562 1392 Ε
587 1327 692 1405 ὄντος.
738 1331 855 1394 ὄνισον
882 1331 945 1414 ὄρα
973 1330 1010 1394 τὸ
1034 1329 1117 1414 ὁρώ-

108 1459 209 1520 μενον
241 1438 394 1520 φαίνεται
431 1432 484 1499 ἐπὶ
515 1444 573 1517 τῆς
603 1439 672 1499 ΕΔ
693 1435 841 1512 ἐὐθείας
876 1445 936 1500 τοῦ
973 1434 1118 1520 ὄμματος

88 1594 92 1621 ‚
108 1539 361 1627 μεθισταμένου.
389 1542 536 1628 φανερὸν
550 1539 597 1625 δέ,
611 1541 662 1606 ὄτι
675 1539 731 1606 καὶ
745 1540 798 1607 ε’πὶ
812 1552 869 1626 τῆς
883 1546 952 1607 ΕΓ
960 1550 1117 1627 μεθιστα-

108 1646 210 1731 μένου
237 1656 297 1712 τοῦ
320 1649 463 1731 ὄμματος
485 1648 603 1712 ὄνισον
630 1649 667 1712 τὸ
691 1646 860 1734 ὁρώμενον
882 1652 1035 1732 φαίνεται
1062 1646 1118 1713 καὶ

57 1767 90 1817 15
110 1753 265 1839 μέγιστον
291 1751 352 1839 μὲν
374 1754 456 1818 κατὰ
483 1756 543 1838 τὴν
570 1755 653 1838 πρὸς
675 1763 720 1842 τῷ
743 1759 775 1818 Ε
800 1754 912 1837 θέσιν,
944 1758 1053 1838 μεῖζον
1081 1751 1118 1819 δὲ

108 1858 159 1926 ἀεὶ
186 1861 268 1925 κατὰ
294 1862 355 1944 τὴν
383 1859 559 1943 ἐγγύτερον
586 1860 689 1925 αὐτοῦ
718 1859 770 1945 ἐφ’
797 1860 1022 1946 ὁποτερασοῦν
1050 1872 1117 1926 τῶν

108 1972 185 2051 EA,
208 1970 276 2031 ΕΓ
299 1967 455 2050 εὐθειῶν,
484 1973 558 2032 ίσον
581 1963 618 2031 δὲ
640 1968 722 2032 κατὰ
744 1968 784 2032 τὰ
808 1973 835 2033 Ζ
862 1966 917 2032 καὶ
939 1972 972 2031 A
999 1965 1117 2032 καὶτὰ

109 2073 229 2157 ὁμοίως
256 2074 368 2150 αὐτοῖς
395 2077 626 2158 λαμβανόμενα
653 2076 709 2139 διὰ
732 2076 768 2139 τὸ
797 2074 833 2139 ἐν
856 2083 901 2162 τῷ
926 2074 1014 2162 αὐτῷ
1039 2076 1117 2158 τμή-

109 2203 186 2263 ματι
209 2175 294 2244 εἶναι
316 2181 374 2257 τὰς
397 2183 528 2263 γωνίας.

56 2388 90 2436 20
531 2373 685 2451 ’Ἁλλως

166 2496 273 2563 Ἔστω
296 2499 358 2583 γὰρ
378 2497 546 2583 ὁρώμενον
564 2501 601 2563 τὸ
620 2503 699 2583 KA,
722 2500 837 2564 εὐθεῖα
856 2496 892 2564 δέ
910 2499 930 2583 ἡ
949 2503 1018 2564 ΒΓ
1036 2516 1116 2584 συμ-

109 2610 273 2670 πίπτονσα
297 2615 336 2690 τῇ
359 2609 425 2668 KA
448 2605 764 2692 προσεκβαλλομένῃ.
805 2608 956 2691 εἰλήφθω
980 2615 1037 2688 τῆς
1057 2610 1117 2671 ΓΛ

109 2710 244 2795 καὶτῆς
268 2716 334 2777 ΓΚ
357 2711 438 2796 μέση
466 2711 631 2795 ίινιίλογον
658 2712 677 2795 ἡ
702 2717 777 2797 ΓΖ,
808 2711 864 2777 καὶ
889 2713 1072 2797 ἐπεζεύχθω
1096 2712 1116 2795 ἡ

111 2823 179 2884 ΖΚ
198 2817 252 2883 καὶ
275 2817 295 2900 ἡ
320 2823 396 2902 ZA,
418 2817 494 2903 περὶ
517 2815 554 2883 δέ
576 2820 637 2902 τὴν
659 2822 724 2882 KA
747 2829 855 2903 τμῆμα
878 2820 1075 2905 γεγράφθω,
1099 2818 1116 2883 ὃ

180 3052 204 3101 2.
224 3047 316 3118 ΑΕΒ]
336 3062 403 3101 corr.
420 3062 453 3099 ex
471 3049 560 3099 AEH
576 3046 639 3101 Vat.
712 3047 779 3118 τῶν]
800 3063 852 3099 om.
866 3064 902 3101 m.
977 3051 1035 3114 ΓΔ,
1051 3052 1104 3100 AB

111 3122 241 3172 PABm.
315 3118 549 3188 3.to*2v]0m.m.
623 3119 901 3240 PA,AZ]1PAZm.
975 3118 1105 3186 MBZ

109 3188 140 3242 in
158 3205 221 3258 ras,
242 3204 297 3256 seq.
317 3205 370 3243 ras.
391 3194 406 3242 2
425 3187 490 3257 litt,
509 3188 543 3257 V,
561 3191 626 3257 post
644 3194 733 3243 ras.3
764 3187 807 3243 itt.
827 3207 852 3243 V.
935 3195 958 3244 5.
979 3191 1072 3258 μεῖζον
1091 3206 1116 3243 v.

146 3267 169 3313 6.
189 3261 256 3331 τῶν]
276 3276 328 3314 om.
343 3277 379 3314 m.
435 3263 531 3327 AA‚A
539 3260 571 3330 Β]
590 3265 665 3314 ΑΔΒ
683 3260 805 3314 Vat.¹m.
862 3264 885 3313 7.
906 3259 992 3332 ἐστιν]
1012 3259 1064 3314 εἰσι
1080 3278 1117 3328 m,

110 3330 166 3386 ἐστι
183 3331 278 3386 Vat.v.
357 3336 381 3384 8.
401 3332 494 3398 μεῖζον
512 3348 537 3384 v.
611 3328 667 3384 ἐστί
684 3349 710 3385 v.
789 3337 812 3386 9.
831 3332 862 3386 τὸ
881 3334 942 3403 AB]
962 3348 1015 3386 om.
1036 3330 1116 3387 codd.

144 3399 274 3473 βλέπεται
291 3401 322 3456 τὸ
340 3405 390 3454 ΑΒ
408 3418 444 3454 m.
525 3409 574 3455 τοῦ
589 3401 671 3473 (alm
694 3401 725 3455 τό
744 3420 778 3456 m.
871 3407 912 3457 10.
932 3403 987 3457 ὑπὸ
1006 3399 1038 3456 δὲ
1056 3402 1116 3471 τῆς]

33 3498 43 3549 ‘.
107 3471 153 3527 bis
171 3472 205 3526 V.
264 3472 294 3527 τὸ
313 3472 382 3526 αὐτὸ
401 3472 432 3526 τὸ
453 3477 502 3526 ΑΒ
522 3470 661 3544 βλέπεται]
681 3490 733 3527 om.
753 3492 778 3527 v.
833 3474 894 3544 AB]
914 3481 935 3529 A
954 3493 980 3543 v,
1000 3474 1117 3541 etVat,
