2334 3788
479 137 709 190 CATOPTRICA.
1031 134 1096 198 317

155 281 197 346 sit
221 283 292 345 ΑΓ
314 280 480 365 speculum
502 281 650 365 planum,
679 281 789 345 oculus
814 285 922 344 autem
944 283 988 363 B,
1014 277 1097 342 radii

89 391 196 452 autem
220 391 291 472 BA,
310 390 378 452 ΒΓ
396 388 436 451 ad
454 391 492 471 E,
507 393 540 452 A
562 386 702 470 refracti,
725 391 876 452 cernatur
894 389 1002 450 autem
1021 389 1098 469 ΕΛ,

87 500 119 559 et
153 496 194 559 ab
225 499 269 579 E,
291 500 324 559 A
359 494 400 557 ad
432 493 598 578 speculum
630 493 907 577 perpendiculares
941 491 1099 555 ducantur

86 606 166 686 ΕΖ,
188 605 258 665 ΔΘ
290 605 322 664 et
348 601 580 684 producantur,
611 599 830 684 producantur
861 602 969 662 autem
998 597 1097 661 etiam

89 1467 172 1533 radii
190 1469 263 1551 ΒΓ,
276 1469 339 1530 ΒΑ
358 1470 390 1530 et
408 1465 726 1550 perpendicularibus
747 1469 938 1530 concurrant
956 1465 992 1528 in
1004 1468 1045 1550 Κ,
1060 1468 1100 1549 A,

89 1580 124 1640 et
151 1575 288 1638 ducatur
311 1575 387 1636 ΛΚ.
433 1575 465 1634 Ε
489 1571 592 1656 igitur
618 1571 653 1634 in
676 1574 721 1653 K,
738 1576 773 1634 A
800 1575 909 1634 autem
935 1570 970 1634 in
993 1574 1024 1635 A
1047 1572 1100 1635 ad-

91 1685 197 1766 paret,
227 1680 289 1743 hcc
319 1677 405 1742 enim
433 1681 527 1741 antea
550 1678 807 1742 demonstratum
830 1681 879 1740 est
907 1676 1011 1761 [prop.
1032 1676 1098 1760 16].

92 1808 169 1871 ergo
193 1789 302 1868 partes
326 1783 476 1848 sinistrae
497 1784 627 1847 dextrae
650 1783 814 1866 adparent,
838 1783 967 1847 dextrae
991 1788 1100 1847 autem

92 1893 253 1957 sinistrae.
286 1893 318 1954 et
338 1888 491 1973 quoniam
510 1892 691 1964 [ΚΓΖ-τ
703 1891 807 1972 ΖΓΕ,
830 1893 863 1952 et
882 1889 993 1974 anguli
1012 1890 1052 1953 ad
1073 1894 1100 1953 Z

91 1997 191 2082 positi
218 1995 299 2060 recti
327 1999 416 2079 sunt,
448 1995 636 2059 eritetiam
665 1998 732 2058 ΖΚ
745 2026 786 2046 =
802 1999 872 2058 ZE.
923 1995 1033 2059 eadem
1061 1997 1099 2060 de

91 2125 189 2169 causa
217 2101 316 2166 etiam
342 2107 376 2164 A
383 2106 412 2165 Θ
426 2133 467 2152 =
484 2105 553 2165 ΘΛ.
604 2122 681 2186 ergo
710 2100 877 2185 distantia,
905 2123 969 2184 qua
991 2107 1057 2165 ΕΔ
1080 2125 1100 2166 a

92 2208 224 2292 speculo
248 2208 348 2290 abest,
372 2207 514 2291 aequalis
539 2211 588 2271 est
614 2206 796 2291 distantiae,
819 2229 883 2291 qua
904 2206 1013 2294 imago
1032 2212 1100 2274 ΚΛ

93 2315 194 2379 abest.
232 2318 264 2378 et
288 2314 374 2397 quod
397 2313 539 2378 cernitur
557 2318 632 2397 EA,
655 2313 787 2396 aequale
806 2317 856 2376 est
873 2312 1008 2398 imagini
1022 2318 1100 2400 KA,

92 2421 166 2504 quia
197 2423 410 2504 EZ=ZK,
442 2424 658 2503 Ae=c>A,
693 2424 725 2483 et
760 2423 822 2482 ez
854 2421 1033 2484 communis
1067 2426 1099 2486 et

92 2527 373 2611 perpendicularis.

570 2669 620 2732 20.

160 2789 199 2854 In
227 2792 365 2876 speculis
389 2793 540 2858 connexis
568 2797 677 2876 partes
705 2792 854 2857 sinistrae
885 2793 1014 2856 dextrae
1044 2791 1100 2854 ad-

94 2902 223 2982 parent,
255 2898 384 2962 dextrae
415 2903 523 2963 autem
551 2898 715 2984 sinistrae,
747 2903 780 2963 et
806 2899 914 2982 imago
943 2897 1101 2960 minorem

94 3004 194 3067 habet
217 3002 406 3067 distantiam
429 3025 448 3066 a
471 3004 608 3088 speculo.

161 3110 204 3174 sit
245 3112 315 3173 ΑΓ
356 3110 520 3193 speculum
561 3132 740 3176 connexum
747 3160 756 3192 ,
803 3113 947 3173 centrum
991 3112 1099 3172 autem

95 3217 249 3300 sphaerae
271 3221 308 3300 Θ,
327 3217 438 3280 oculus
457 3222 566 3281 autem
580 3221 619 3299 B,
638 3220 670 3280 et
689 3215 771 3279 radii
789 3219 859 3297 BA,
874 3216 941 3278 ΒΓ
958 3214 999 3277 ad
1016 3220 1058 3297 A,
1072 3218 1104 3278 Ε

89 3409 247 3479 ὁρώμενον,
271 3408 320 3463 καὶ
337 3407 368 3461 τὸ
387 3405 501 3461 εἴδωλον
522 3406 635 3462 ἔλασσόν
655 3406 710 3460 ἐστι
729 3414 783 3459 τοῦ,
797 3402 938 3474 ὁρωμένου
957 3424 993 3460 m.
1056 3411 1101 3462 23.

94 3481 127 3552 Β]
148 3486 176 3550 B,
197 3481 339 3549 ὁρώμενον
358 3475 437 3532 δὲτὸ
457 3482 520 3548 AE,
540 3496 575 3532 m.
650 3483 709 3545 BA,
725 3477 798 3547 ΒΓ1
815 3480 1000 3543 RRMm.
1085 3528 1108 3551 Δ
