2334 3788
93 129 159 194 190
303 130 512 183 OPTIOORUM
531 129 710 184 RECENSIO
729 130 896 184 THEONIS.

92 274 185 358 δρος·
217 272 339 357 ὁμοίως
370 273 433 354 γάρ
462 282 501 358 τῇ
528 273 623 357 βάσει
655 273 739 338 κατὰ
765 282 876 337 πᾶσαν
908 270 1107 356 ἐπιφάνειαν

91 388 152 444 τοῦ
178 381 362 467 κυλίνδρου
395 378 553 464 δείξομεν.
608 380 692 445 ὥστε
721 379 802 445 ὄλου
834 387 894 443 τοῦ
921 379 1107 461 κυλίνδρου

91 495 151 550 τοῦ
174 484 307 570 ἡμίσεος
330 488 466 551 ἔλαττον
489 489 651 570 φαίνεται.

561 751 630 817 κθ’.

53 906 69 953 ο
161 897 227 959 Τοῦ
260 890 297 958 δὲ
329 895 473 977 ὄμματος
505 895 618 976 ἔγγιον
645 892 801 969 τεθέντος
832 901 892 958 τοῦ
919 892 1104 976 κυλίνδρου

88 1002 229 1065 ἔλασσον
247 996 307 1083 μὲν
326 1002 416 1064 ἔσται
435 1000 472 1063 τὸ
487 1002 815 1084 περιλαμβανόμενον
829 998 896 1064 ὑπὸ
910 1009 978 1063 τῶν
991 1000 1105 1075 ὄψεων

87 1115 147 1172 τοῦ
169 1107 364 1192 κυλίνδρου,
387 1104 476 1184 δόξει
499 1102 536 1170 δὲ
558 1109 669 1189 μεῖζον
691 1106 845 1189 ὁρᾶσθαι.

154 1233 237 1296 ἔστω
265 1231 329 1315 γάρ
355 1231 541 1316 κυλίνδρου
568 1238 628 1295 τοῦ
655 1229 732 1316 περὶ
758 1232 819 1314 τὴν
845 1228 946 1313 βάσιν
974 1229 1102 1293 κύκλου

86 1333 226 1422 κε’ντρον
248 1337 285 1400 τὸ
309 1339 355 1419 Κ,
379 1334 434 1400 καὶ
458 1335 521 1401 άπδ
545 1345 605 1401 τοῦ
625 1341 654 1401 Β
677 1339 821 1421 ὄμματος
844 1333 897 1401 ἐπὶ
915 1336 952 1400 τὸ
971 1338 1006 1398 Κ
1026 1333 1103 1399 κέν-

34 1453 67 1502 10
85 1465 166 1527 τρον
185 1441 368 1526 ἐπεζεύχθω
387 1441 500 1526 ἡΒΚ,
523 1443 580 1506 διδι
599 1439 636 1507 δὲ
653 1452 713 1507 τοῦ
728 1447 763 1507 Κ
777 1444 861 1528 πρὸς
879 1441 985 1527 ὀρθάς
1002 1442 1100 1524 ἤχθω

85 1547 105 1630 ἡ
130 1551 205 1631 ΓΔ,
232 1546 288 1613 καὶ
310 1546 386 1633 περὶ
408 1549 470 1632 τὴν
492 1552 558 1613 ΚΒ
580 1550 702 1626 κύκλος
724 1547 921 1633 γεγράφθω,
948 1544 1004 1611 καὶ
1027 1546 1101 1611 ἐπε-

85 1655 277 1738 ζεύχθωσαν
295 1655 333 1718 αί
348 1658 428 1738 ΒΝ,
441 1659 524 1738 ΝΚ,
543 1659 614 1738 ΒΛ,
630 1658 706 1719 ΛΚ.
742 1655 797 1718 διά
816 1655 858 1737 δὴ
876 1655 916 1717 τὰ
934 1655 1101 1738 πρότερον

84 1761 121 1825 τὸ
136 1764 247 1825 ΛΖΝ
261 1762 396 1826 ἔλαττόν
410 1760 500 1826 ἐστιν
518 1760 726 1846 ἡμικυκλίου,
743 1758 800 1825 καὶ
813 1761 935 1844 ὁμοίως
947 1770 987 1845 τῇ
1002 1759 1100 1842 βάσει

71 1866 166 1932 ύλου
193 1875 254 1931 τοῦ
281 1868 464 1949 κυλίνδρου
492 1870 629 1932 ἔλαττον
655 1866 676 1949 ἣ
698 1868 735 1930 τὸ
758 1867 860 1950 ἥμισυ
884 1866 1099 1952 ὁραθήσεται.

31 1984 64 2033 15
82 1975 263 2059 προσήχθω
292 1975 333 2057 δὴ
362 1975 398 2038 τὸ
422 1976 510 2058 ὄμμα
535 1971 592 2038 καὶ
615 1975 697 2037 ἔστω
721 1974 758 2038 τὸ
784 1977 830 2055 Φ,
857 1970 1011 2056 καὶπερὶ
1034 1975 1097 2056 τὴν

85 2083 157 2143 ΦΚ
175 2080 296 2156 κύκλος
318 2079 512 2166 γεγράφθω,
535 2077 591 2143 καὶ
610 2079 859 2162 ἐπεζεύχθωσαν
877 2078 915 2141 αί
932 2081 1004 2160 ΦΡ,
1022 2081 1096 2161 ΡΚ,

81 2188 160 2267 ΚΣ,
175 2190 255 2249 ΣΦ.
288 2186 412 2249 οὐκοῦν
429 2188 466 2250 αί
483 2185 620 2251 ἀπὸτοῦ
638 2190 668 2249 Φ
687 2184 816 2260 άκτίνες
829 2187 1097 2270 προσπίπτουσαι

80 2291 164 2354 κατά
190 2292 249 2367 τάς
276 2296 352 2374 ΦΡ,
377 2295 449 2355 ΦΣ
473 2302 667 2375 πεσοῦνται,
699 2293 737 2356 αί
761 2290 802 2355 δι’
825 2314 863 2372 γε
890 2290 953 2355 ἀπὸ
981 2299 1041 2354 τοῦ
1064 2295 1095 2354 Β

80 2398 163 2461 κατά
189 2398 248 2473 τάς
270 2401 350 2480 ΒΛ,
370 2402 454 2463 ΒΝ·
487 2403 596 2483 μεῖζον
624 2400 688 2481 άρα
710 2399 747 2462 τὸ
771 2403 810 2462 Ν
812 2401 877 2461 ΖΛ
903 2406 963 2461 τοῦ
987 2401 1094 2460 ΡΖΣ.

28 2515 62 2564 20
81 2503 175 2567 δοκεί
195 2500 232 2567 δὲ
252 2507 362 2587 μεῖζον
380 2507 561 2588 φαίνεσθαι
580 2506 617 2568 τὸ
637 2508 737 2567 ΡΖΣ
756 2512 816 2568 τοῦ
834 2507 874 2568 Ν
876 2507 952 2567 ΖΛ·
976 2507 1095 2587 μείζων

81 2609 143 2694 γάρ
172 2608 192 2690 ἡ
223 2614 255 2673 Φ
284 2613 389 2690 γωνία
421 2619 478 2693 τῆς
505 2616 533 2674 Β
566 2615 697 2692 γωνίας.
751 2611 834 2673 ὥστε
865 2607 921 2673 καὶ
947 2618 1007 2674 τοῦ
1035 2633 1094 2674 κυ-

82 2716 222 2801 λίνδρου
260 2719 395 2780 ἔλαττον
427 2715 524 2803 μέρος
556 2717 757 2801 ὀφθήσεται,
794 2717 887 2780 δοκεῖ
918 2713 956 2780 δὲ
982 2720 1093 2800 μεῖζον

80 2822 235 2908 ὁρᾶσθαι.

152 3127 175 3177 1,
196 3119 352 3191 ἐπιφάνιαν
370 3140 396 3174 v.
451 3127 475 3175 2.
495 3122 568 3174 Ante
588 3118 715 3189 δείξομεν
733 3120 785 3174 ins,
804 3121 835 3174 τὸ
850 3120 918 3174 αύτὸ
934 3123 1090 3192 συμβαῖνον

79 3210 114 3249 m.
130 3210 183 3248 rec.
199 3193 232 3248 V.
306 3199 330 3247 3.
349 3189 468 3260 ἡμίσεως
485 3192 519 3260 V,
541 3192 591 3245 sed
610 3209 678 3247 corr.
751 3197 775 3245 5.
795 3189 843 3262 δέ]
863 3191 917 3245 del.
932 3210 968 3246 m.
984 3208 1038 3246 rec.
1054 3192 1088 3247 V.

116 3264 222 3333 ἔγγειον
241 3264 274 3319 V.
348 3269 371 3317 9.
392 3268 420 3316 K
432 3263 513 3334 (alt.)]
533 3279 548 3316 ο
568 3280 636 3318 corr.
656 3282 691 3316 m.
713 3269 727 3315 1
748 3262 780 3316 V.
859 3268 900 3316 12.
921 3261 1021 3316 διά-
1043 3269 1085 3318 14.

79 3335 261 3407 δραθήσεται]
280 3353 335 3404 mg.
355 3352 391 3388 m.
412 3340 427 3387 2
446 3334 479 3402 V,
501 3351 554 3388 om.
574 3353 600 3390 v.
674 3339 715 3387 14.
734 3333 764 3404 λῇ
785 3350 837 3387 om.
856 3351 884 3401 p.
958 3339 999 3388 20.
1018 3334 1088 3387 Post

79 3409 167 3460 ΝΖΑ
184 3424 238 3461 τοι.
260 3414 273 3460 1
293 3405 349 3460 litt.
369 3404 402 3460 V.
475 3407 567 3474 μεῖζον
586 3424 612 3459 τ.
692 3410 734 3458 21.
753 3405 827 3457 Ante
848 3403 940 3459 Φὶωο.
961 3405 1031 3473 πρὸς
1049 3409 1087 3476 τῷ

75 3494 112 3533 m,
134 3493 187 3532 rec.
208 3478 240 3532 V.
314 3478 387 3530 Ante
406 3481 428 3530 B
447 3476 500 3533 ins,
518 3477 588 3545 πρὸς
606 3481 644 3549 τῷ
662 3495 698 3529 m.
717 3491 770 3530 rec.
791 3475 822 3529 V.
