2334 3788
461 149 693 201 OATOPTRIOA.
1014 145 1078 210 297

68 299 113 380 Β,
139 299 280 380 ponatur
307 298 415 359 autem
442 294 478 357 in
505 292 631 357 ambitu
654 291 736 375 cius,
770 294 803 355 ct
827 313 845 354 a
868 295 897 354 B
923 291 1005 355 redii
1029 292 1081 355 sd-

69 401 180 467 oidunt
207 405 283 485 ΒΓ,
305 405 368 465 BA
395 401 436 464 ad
463 403 585 484 puncta
612 405 658 483 A,
675 403 707 462 Ε
736 397 876 462 refracti.
928 398 1081 480 quoniam

580 508 784 590 segmentum
799 507 897 569 ΑΓΒ
913 508 1080 589 segmento

305 656 336 711 4
354 686 368 710 ,
581 611 763 677 BFrnsius
778 615 837 696 est,
855 611 917 675 erit
932 615 1080 687 ΛΖ>Θ.

580 741 678 802 quare
689 718 788 783 etiam
798 721 837 781 H
840 721 916 791 >K
925 716 1029 801 [prop.
1038 716 1080 801 1].

578 825 688 909 itaque
727 826 1081 903 Ζ-Ι-Η>Θ-Ι-Κ.

114 832 235 1257 V
580 954 699 1017 quare,
761 931 816 1015 qui
874 930 1082 1015 relinquitur,

492 1015 529 1066 B
579 1046 600 1114 r
620 1043 651 1102 A
670 1048 704 1109 <
722 1043 770 1102 M.
839 1037 942 1102 muno
978 1037 1081 1121 igitur

579 1144 684 1230 magis
713 1148 744 1208 A
758 1154 792 1218 <
806 1149 849 1209 Ν.
900 1165 977 1229 ergo
1012 1146 1081 1228 ΓΔ,

91 1274 124 1320 er
581 1259 614 1317 A
619 1257 650 1316 Ε
665 1252 702 1316 in
715 1251 746 1325 Ξ
762 1254 963 1316 concurrent.
995 1249 1083 1323 sirni-

581 1358 657 1424 liter
676 1356 952 1423 demonstrabitur
975 1356 1083 1443 etiam,

72 1464 100 1528 si
124 1469 214 1529 extra
237 1466 396 1529 ambitum
420 1464 572 1530 ceciderit
597 1466 718 1548 oculus,
741 1470 778 1529 ut
800 1465 837 1528 in
858 1462 1083 1550 propositione

73 1572 229 1654 sequenti.

565 1679 594 1744 6.

141 1783 180 1847 In
203 1784 342 1869 speculis
366 1784 518 1850 concsuis
542 1785 570 1848 si
594 1785 681 1849 inter
704 1788 852 1848 centrum
875 1788 909 1849 et
926 1783 1087 1851 ambitum

74 1891 205 1955 oculum
219 1890 438 1974 collocaueris,
457 1889 539 1954 radii
558 1890 690 1955 refracti
706 1894 777 1954 tum
794 1894 996 1975 concurrent,
1014 1894 1086 1957 tum
1116 1967 1138 1984 Ι,

72 2019 140 2062 non
163 2000 365 2061 concurrent.

141 2103 185 2166 sit
199 2103 364 2187 speculum
380 2125 561 2168 concauum
575 2107 650 2189 ΑΓ,
670 2107 817 2168 centrum
836 2107 946 2167 cutem
960 2102 1030 2167 eius
1041 2108 1086 2188 A,

73 2213 108 2274 et
127 2209 238 2274 oculus
253 2213 281 2272 B
300 2209 386 2273 inter
405 2214 551 2274 centrum
570 2214 603 2274 et
619 2209 779 2273 ambitum
798 2209 984 2293 collocetur,
1001 2208 1085 2274 radii

73 2320 183 2380 cutem
211 2317 277 2380 sint
304 2321 380 2401 BA,
402 2321 471 2380 ΒΓ
496 2318 536 2381 ad
563 2321 612 2403 H,
637 2322 664 2381 Z
691 2316 837 2401 refracti,
874 2319 907 2380 et
934 2314 1017 2379 radii
1043 2317 1085 2382 ad

74 2424 241 2506 speculum
259 2424 480 2507 producuntur
498 2428 573 2509 ΑΘ,
590 2427 662 2489 ΓΚ.
692 2423 804 2506 itaque
818 2427 887 2487 ΑΘ
905 2426 962 2486 eut
980 2421 1086 2489 maior

73 2533 124 2594 est
138 2551 235 2613 quam
247 2531 313 2593 ΓΚ
324 2533 381 2593 aut
396 2530 540 2613 aequalis
554 2533 611 2593 aut
622 2529 737 2600 minor.
759 2529 826 2593 iam
841 2528 869 2592 si
879 2534 912 2592 A
920 2532 949 2591 Θ
959 2559 1001 2582 =
1012 2532 1087 2619 ΓΚ,

74 2635 137 2699 erit
156 2636 254 2700 etiam
273 2658 336 2700 aro.
351 2638 453 2700 ΑΓΘ
468 2666 509 2688 =
526 2639 632 2701 ΓΘΚ.
671 2658 769 2720 quare
789 2635 888 2700 etiam
908 2639 928 2709 L
940 2637 985 2698 M
991 2665 1032 2687 =
1043 2634 1087 2725 Ξ,

74 2739 185 2824 anguli
209 2738 296 2803 enim
314 2762 447 2805 arcuum
467 2740 649 2823 aequalium
672 2739 759 2804 inter
778 2761 811 2803 se
830 2738 980 2823 aequales
999 2746 1087 2811 sunt.

75 2866 173 2930 quare
197 2843 295 2908 etiarn
318 2852 339 2920 L
354 2851 398 2910 M
404 2849 443 2926 -l-
456 2850 487 2909 A
502 2875 543 2898 =
558 2850 597 2910 N
605 2848 642 2924 -l-
656 2844 687 2918 Ξ
705 2848 839 2928 propter
857 2843 1088 2919 refractionem

110 3001 179 3054 Post
203 2998 323 3057 ἐλάσσων
347 3001 410 3055 add.
435 2999 492 3054 ἐστί
513 3020 553 3070 m,
582 3019 617 3055 m.
637 3017 691 3055 reo.
711 3000 743 3054 V.
835 3005 859 3054 ⁷.
882 3006 931 3068 τῆς
954 3001 999 3073 Ν]
1022 3002 1041 3074 ἡ
1060 3014 1088 3065 Α

73 3081 123 3143 τῆς
139 3075 170 3126 Ν
182 3071 302 3127 ἐλάσσων
317 3069 390 3126 ἐστίν
403 3089 440 3140 m,
460 3091 495 3126 rn.
510 3088 563 3126 reo.
574 3071 606 3126 V.
667 3077 691 3126 8.
711 3071 780 3124 Post
798 3066 899 3139 ὁμοίως
917 3068 981 3126 add.
997 3070 1030 3128 δέ
1047 3092 1086 3151 ῃ,
1123 3088 1126 3093 ·

73 3164 110 3199 m.
130 3162 184 3199 roo.
205 3144 239 3197 V.
311 3139 405 3196 πίπτει
423 3142 490 3211 VM,
511 3145 539 3196 et
557 3160 620 3211 vm,
640 3143 690 3196 sed
710 3159 778 3196 corr.
862 3145 903 3195 10.
923 3140 965 3213 ς’]
985 3143 1008 3197 r'
1026 3144 1085 3205 Vr,

112 3222 152 3270 11.
172 3213 256 3284 μέσον
288 3210 371 3282 μέσον
390 3214 427 3267 M.
501 3220 542 3268 17.
563 3217 598 3281 Η,
616 3214 648 3285 Ζ]
669 3216 706 3282 N,
724 3217 745 3266 Z
763 3230 793 3280 νς
820 3214 896 3280 Ζ,Η
910 3211 948 3268 Μ.
1021 3213 1085 3293 ἕως]

74 3304 159 3412 {me
179 3304 243 3410 sord
253 3328 305 3412 ΓΘ
345 3289 397 3410 ,118A
405 3286 444 3411 gr]
477 3300 529 3339 om.
549 3285 691 3410 Mmlpt.
712 3281 831 3338 ἐλάττων
850 3281 888 3337 Μ.
941 3288 991 3409 ξὲ).
1010 3284 1086 3345 ἐστίν

106 3376 130 3412 v.
479 3399 483 3410 .
703 3371 806 3409 eoorr.
825 3371 851 3408 v.
979 3398 986 3412 .

75 3437 241 3570 φερειῶῖὸῐ
258 3433 301 3482 23.
310 3357 386 3498 lucr]
406 3435 514 3495 γωνιῶν
533 3356 709 3496 arcuerim
722 3434 784 3488 ταῖς
800 3429 835 3494 H,
849 3422 949 3487 Ξῖσαι
962 3422 1033 3485 εἰσίν

110 3505 152 3554 23.
237 3515 340 3554 ecorr.
359 3517 385 3553 v.
1052 3510 1056 3515 ·
