<?xml version="1.0" encoding="UTF-8"?>
<!DOCTYPE html PUBLIC "-//W3C//DTD XHTML 1.0 Transitional//EN"
    "http://www.w3.org/TR/xhtml1/DTD/xhtml1-transitional.dtd">
<html xmlns="http://www.w3.org/1999/xhtml" xml:lang="en" lang="en">
 <head>
  <title>
</title>
<meta http-equiv="Content-Type" content="text/html;charset=utf-8" />
  <meta name='ocr-system' content='tesseract 3.04.00' />
  <meta name='ocr-capabilities' content='ocr_page ocr_carea ocr_par ocr_line ocrx_word'/>
</head>
<body>
  <div class='ocr_page' id='page_1' title='image "./euclidisoperaom13unkngoog_0235.png"; bbox 0 0 2334 3788; ppageno 0'>
   <div class='ocr_carea' id='block_1_1' title="bbox 112 143 913 207">
    <p class='ocr_par' dir='ltr' id='par_1_1' title="bbox 112 143 913 207">
     <span class='ocr_line' id='line_1_1' title="bbox 112 143 913 207; baseline -0.012 0"><span class='ocrx_word' id='word_1_1' title='bbox 112 143 176 207; x_wconf 84' lang='lat'><strong><em>154</em></strong></span> <span class='ocrx_word' id='word_1_2' title='bbox 319 145 528 198; x_wconf 79' lang='lat' dir='ltr'>OPTICORUM</span> <span class='ocrx_word' id='word_1_3' title='bbox 546 145 725 197; x_wconf 70' lang='grc' dir='ltr'><strong><em>ωνοωαειο</em></strong></span> <span class='ocrx_word' id='word_1_4' title='bbox 744 145 913 198; x_wconf 65' lang='lat' dir='ltr'><strong>mom.</strong></span> 
     </span>
    </p>
   </div>
   <div class='ocr_carea' id='block_1_2' title="bbox 110 286 1122 483">
    <p class='ocr_par' dir='ltr' id='par_1_2' title="bbox 110 286 1122 483">
     <span class='ocr_line' id='line_1_2' title="bbox 110 286 1122 373; baseline -0.001 -19"><span class='ocrx_word' id='word_1_5' title='bbox 110 289 190 354; x_wconf 87' lang='grc' dir='ltr'><strong><em>ὅταν</em></strong></span> <span class='ocrx_word' id='word_1_6' title='bbox 205 295 283 372; x_wconf 86' lang='grc' dir='ltr'><strong><em>ίσαι,</em></strong></span> <span class='ocrx_word' id='word_1_7' title='bbox 301 290 339 354; x_wconf 89' lang='grc' dir='ltr'><strong><em>τὸ</em></strong></span> <span class='ocrx_word' id='word_1_8' title='bbox 354 286 391 353; x_wconf 68' lang='grc' dir='ltr'><strong><em>ὁὸ</em></strong></span> <span class='ocrx_word' id='word_1_9' title='bbox 405 292 555 373; x_wconf 79' lang='grc' dir='ltr'><strong><em>ἔλασσον,</em></strong></span> <span class='ocrx_word' id='word_1_10' title='bbox 574 289 654 353; x_wconf 89' lang='grc' dir='ltr'><strong><em>ὄταν</em></strong></span> <span class='ocrx_word' id='word_1_11' title='bbox 671 287 845 365; x_wconf 76' lang='grc' dir='ltr'><strong><em>ἐλάσσονες</em></strong></span> <span class='ocrx_word' id='word_1_12' title='bbox 859 292 1038 371; x_wconf 73' lang='grc' dir='ltr'><strong><em>γίγνωνται</em></strong></span> <span class='ocrx_word' id='word_1_13' title='bbox 1053 300 1122 354; x_wconf 85' lang='grc' dir='ltr'><strong><em>τών</em></strong></span> 
     </span>
     <span class='ocr_line' id='line_1_3' title="bbox 110 387 894 483; baseline 0 -24"><span class='ocrx_word' id='word_1_14' title='bbox 110 393 219 473; x_wconf 79' lang='grc' dir='ltr'><strong><em>ὄψεων</em></strong></span> <span class='ocrx_word' id='word_1_15' title='bbox 242 387 315 460; x_wconf 80' lang='grc' dir='ltr'><strong><em>οἷον</em></strong></span> <span class='ocrx_word' id='word_1_16' title='bbox 338 399 455 478; x_wconf 79' lang='grc' dir='ltr'><em>γωνίαι</em></span> <span class='ocrx_word' id='word_1_17' title='bbox 478 391 566 473; x_wconf 72' lang='grc' dir='ltr'><strong><em>τινὲς</em></strong></span> <span class='ocrx_word' id='word_1_18' title='bbox 588 397 671 481; x_wconf 88' lang='grc' dir='ltr'><strong><em>πρὸς</em></strong></span> <span class='ocrx_word' id='word_1_19' title='bbox 692 404 738 483; x_wconf 76' lang='grc' dir='ltr'><strong><em>τῷ</em></strong></span> <span class='ocrx_word' id='word_1_20' title='bbox 764 393 894 479; x_wconf 92' lang='grc' dir='ltr'><strong><em>ὄμματι.</em></strong></span> 
     </span>
    </p>
   </div>
   <div class='ocr_carea' id='block_1_3' title="bbox 553 628 677 724">
    <p class='ocr_par' dir='ltr' id='par_1_3' title="bbox 553 628 677 724">
     <span class='ocr_line' id='line_1_4' title="bbox 553 628 677 724; baseline 0 -23"><span class='ocrx_word' id='word_1_21' title='bbox 553 628 677 724; x_wconf 81' lang='grc' dir='ltr'><strong><em>Ὅροι.</em></strong></span> 
     </span>
    </p>
   </div>
   <div class='ocr_carea' id='block_1_4' title="bbox 55 783 1122 2098">
    <p class='ocr_par' dir='ltr' id='par_1_4' title="bbox 176 783 1120 870">
     <span class='ocr_line' id='line_1_5' title="bbox 176 783 1120 870; baseline -0.002 -20"><span class='ocrx_word' id='word_1_22' title='bbox 176 784 219 851; x_wconf 84' lang='grc' dir='ltr'><strong><em>α’.</em></strong></span> <span class='ocrx_word' id='word_1_23' title='bbox 251 785 456 852; x_wconf 74' lang='grc' dir='ltr'><strong><em>Ὑποκείσώω</em></strong></span> <span class='ocrx_word' id='word_1_24' title='bbox 484 787 543 863; x_wconf 81' lang='grc' dir='ltr'><strong><em>τὰς</em></strong></span> <span class='ocrx_word' id='word_1_25' title='bbox 570 785 633 851; x_wconf 82' lang='grc' dir='ltr'><strong><em>ἀπὸ</em></strong></span> <span class='ocrx_word' id='word_1_26' title='bbox 665 795 725 850; x_wconf 86' lang='grc' dir='ltr'><strong><em>τοῦ</em></strong></span> <span class='ocrx_word' id='word_1_27' title='bbox 753 787 897 870; x_wconf 80' lang='grc' dir='ltr'><em>ὄμματος</em></span> <span class='ocrx_word' id='word_1_28' title='bbox 925 783 1017 863; x_wconf 82' lang='grc' dir='ltr'><strong><em>ὄψεις</em></strong></span> <span class='ocrx_word' id='word_1_29' title='bbox 1047 783 1120 849; x_wconf 86' lang='grc' dir='ltr'><strong><em>κατ’</em></strong></span> 
     </span>
    </p>

    <p class='ocr_par' dir='ltr' id='par_1_5' title="bbox 73 890 1120 1083">
     <span class='ocr_line' id='line_1_6' title="bbox 73 890 1120 981; baseline -0.003 -23"><span class='ocrx_word' id='word_1_30' title='bbox 73 893 242 970; x_wconf 75' lang='grc' dir='ltr'><strong><em>σεύὁείας</em></strong></span> <span class='ocrx_word' id='word_1_31' title='bbox 268 895 418 981; x_wconf 79' lang='grc' dir='ltr'><strong><em>γραμμὰς</em></strong></span> <span class='ocrx_word' id='word_1_32' title='bbox 446 892 609 979; x_wconf 71' lang='grc' dir='ltr'><strong><em>φέρεσθαι</em></strong></span> <span class='ocrx_word' id='word_1_33' title='bbox 633 892 796 976; x_wconf 82' lang='grc' dir='ltr'><strong><em>ὁιώστημιί</em></strong></span> <span class='ocrx_word' id='word_1_34' title='bbox 819 916 851 957; x_wconf 90' lang='grc' dir='ltr'><strong><em>τι</em></strong></span> <span class='ocrx_word' id='word_1_35' title='bbox 879 893 1039 969; x_wconf 79' lang='grc' dir='ltr'><strong><em>ποιούσας</em></strong></span> <span class='ocrx_word' id='word_1_36' title='bbox 1063 890 1120 956; x_wconf 85' lang='grc' dir='ltr'><strong><em>ἀπ’</em></strong></span> 
     </span>
     <span class='ocr_line' id='line_1_7' title="bbox 111 999 271 1083; baseline 0.013 -19"><span class='ocrx_word' id='word_1_37' title='bbox 111 999 271 1083; x_wconf 74' lang='grc' dir='ltr'><strong><em>ἀλλήλων.</em></strong></span> 
     </span>
    </p>

    <p class='ocr_par' dir='ltr' id='par_1_6' title="bbox 108 1122 1122 1425">
     <span class='ocr_line' id='line_1_8' title="bbox 175 1122 1122 1210; baseline -0.003 -20"><span class='ocrx_word' id='word_1_38' title='bbox 175 1124 219 1208; x_wconf 80' lang='grc' dir='ltr'><strong><em>β’.</em></strong></span> <span class='ocrx_word' id='word_1_39' title='bbox 246 1124 301 1190; x_wconf 81' lang='grc' dir='ltr'><strong><em>καὶ</em></strong></span> <span class='ocrx_word' id='word_1_40' title='bbox 320 1127 357 1191; x_wconf 91' lang='grc' dir='ltr'><strong><em>τὸ</em></strong></span> <span class='ocrx_word' id='word_1_41' title='bbox 376 1122 436 1210; x_wconf 71' lang='grc' dir='ltr'><strong><em>μὲν</em></strong></span> <span class='ocrx_word' id='word_1_42' title='bbox 454 1126 519 1191; x_wconf 85' lang='grc' dir='ltr'><strong><em>ὑπὸ</em></strong></span> <span class='ocrx_word' id='word_1_43' title='bbox 542 1136 610 1191; x_wconf 85' lang='grc' dir='ltr'><strong><em>τών</em></strong></span> <span class='ocrx_word' id='word_1_44' title='bbox 626 1127 736 1204; x_wconf 79' lang='grc' dir='ltr'><strong><em>ὄψεων</em></strong></span> <span class='ocrx_word' id='word_1_45' title='bbox 758 1127 990 1210; x_wconf 86' lang='grc' dir='ltr'><strong><em>περιεχόμενον</em></strong></span> <span class='ocrx_word' id='word_1_46' title='bbox 1014 1131 1122 1207; x_wconf 78' lang='grc' dir='ltr'><strong><em>σχῆμα</em></strong></span> 
     </span>
     <span class='ocr_line' id='line_1_9' title="bbox 108 1226 1122 1318; baseline -0.003 -22"><span class='ocrx_word' id='word_1_47' title='bbox 108 1226 194 1296; x_wconf 82' lang='grc' dir='ltr'><strong><em>εἶναι</em></strong></span> <span class='ocrx_word' id='word_1_48' title='bbox 214 1243 324 1298; x_wconf 83' lang='grc' dir='ltr'><strong><em>κώνον</em></strong></span> <span class='ocrx_word' id='word_1_49' title='bbox 346 1236 407 1317; x_wconf 86' lang='grc' dir='ltr'><strong><em>τὴν</em></strong></span> <span class='ocrx_word' id='word_1_50' title='bbox 425 1235 579 1318; x_wconf 79' lang='grc' dir='ltr'><strong><em>κορυφὴν</em></strong></span> <span class='ocrx_word' id='word_1_51' title='bbox 602 1229 662 1316; x_wconf 76' lang='grc' dir='ltr'><strong><em>μὲν</em></strong></span> <span class='ocrx_word' id='word_1_52' title='bbox 681 1235 797 1315; x_wconf 83' lang='grc' dir='ltr'><strong><em>ἔχοντα</em></strong></span> <span class='ocrx_word' id='word_1_53' title='bbox 819 1232 902 1317; x_wconf 89' lang='grc' dir='ltr'><strong><em>πρὸς</em></strong></span> <span class='ocrx_word' id='word_1_54' title='bbox 924 1239 970 1318; x_wconf 76' lang='grc' dir='ltr'><strong><em>τῷ</em></strong></span> <span class='ocrx_word' id='word_1_55' title='bbox 989 1231 1122 1314; x_wconf 74' lang='grc' dir='ltr'><strong><em>ὄμματι,</em></strong></span> 
     </span>
     <span class='ocr_line' id='line_1_10' title="bbox 109 1328 1014 1425; baseline -0.001 -23"><span class='ocrx_word' id='word_1_56' title='bbox 109 1340 169 1422; x_wconf 79' lang='grc' dir='ltr'><strong><em>τὴν</em></strong></span> <span class='ocrx_word' id='word_1_57' title='bbox 192 1335 228 1402; x_wconf 75' lang='grc' dir='ltr'><strong><em>ὁὸ</em></strong></span> <span class='ocrx_word' id='word_1_58' title='bbox 250 1339 350 1421; x_wconf 85' lang='grc' dir='ltr'><strong><em>βώσιν</em></strong></span> <span class='ocrx_word' id='word_1_59' title='bbox 372 1341 455 1425; x_wconf 90' lang='grc' dir='ltr'><strong><em>πρὸς</em></strong></span> <span class='ocrx_word' id='word_1_60' title='bbox 477 1351 547 1415; x_wconf 79' lang='grc' dir='ltr'><strong><em>τοῖς</em></strong></span> <span class='ocrx_word' id='word_1_61' title='bbox 568 1337 686 1423; x_wconf 86' lang='grc' dir='ltr'><strong><em>πέρασι</em></strong></span> <span class='ocrx_word' id='word_1_62' title='bbox 711 1349 778 1403; x_wconf 84' lang='grc' dir='ltr'><strong><em>τῶν</em></strong></span> <span class='ocrx_word' id='word_1_63' title='bbox 801 1336 987 1424; x_wconf 79' lang='grc' dir='ltr'><strong><em>ὁρωμένων.</em></strong></span> <span class='ocrx_word' id='word_1_64' title='bbox 1012 1328 1014 1332; x_wconf 54' lang='grc'><strong>’</strong></span> 
     </span>
    </p>

    <p class='ocr_par' dir='ltr' id='par_1_7' title="bbox 57 1458 1121 1753">
     <span class='ocr_line' id='line_1_11' title="bbox 57 1458 1119 1548; baseline 0.001 -23"><span class='ocrx_word' id='word_1_65' title='bbox 57 1478 90 1526; x_wconf 86' lang='grc'><strong><em>10</em></strong></span> <span class='ocrx_word' id='word_1_66' title='bbox 175 1459 219 1544; x_wconf 81' lang='grc' dir='ltr'><strong><em>γ’.</em></strong></span> <span class='ocrx_word' id='word_1_67' title='bbox 255 1459 311 1526; x_wconf 79' lang='grc' dir='ltr'><strong><em>καὶ</em></strong></span> <span class='ocrx_word' id='word_1_68' title='bbox 337 1462 482 1548; x_wconf 77' lang='grc' dir='ltr'><strong><em>ὁρᾶσθαι</em></strong></span> <span class='ocrx_word' id='word_1_69' title='bbox 509 1458 569 1546; x_wconf 71' lang='grc' dir='ltr'><strong><em>μὲν</em></strong></span> <span class='ocrx_word' id='word_1_70' title='bbox 596 1469 713 1543; x_wconf 83' lang='grc' dir='ltr'><strong><em>ταῦτα,</em></strong></span> <span class='ocrx_word' id='word_1_71' title='bbox 743 1462 826 1547; x_wconf 89' lang='grc' dir='ltr'><strong><em>πρὸς</em></strong></span> <span class='ocrx_word' id='word_1_72' title='bbox 854 1461 874 1526; x_wconf 79' lang='grc' dir='ltr'><strong><em>ὁ</em></strong></span> <span class='ocrx_word' id='word_1_73' title='bbox 903 1461 944 1526; x_wconf 79' lang='grc' dir='ltr'><strong><em>ὄν</em></strong></span> <span class='ocrx_word' id='word_1_74' title='bbox 967 1463 1004 1526; x_wconf 82' lang='grc' dir='ltr'><strong><em>αί</em></strong></span> <span class='ocrx_word' id='word_1_75' title='bbox 1025 1463 1119 1539; x_wconf 75' lang='grc' dir='ltr'><strong><em>ὄψεις</em></strong></span> 
     </span>
     <span class='ocr_line' id='line_1_12' title="bbox 107 1567 1121 1655; baseline 0 -23"><span class='ocrx_word' id='word_1_76' title='bbox 107 1571 373 1654; x_wconf 77' lang='grc' dir='ltr'><strong><em>προσπίπτωσιν,</em></strong></span> <span class='ocrx_word' id='word_1_77' title='bbox 400 1570 443 1653; x_wconf 79' lang='grc' dir='ltr'><strong><em>μὴ</em></strong></span> <span class='ocrx_word' id='word_1_78' title='bbox 472 1569 617 1655; x_wconf 80' lang='grc' dir='ltr'><strong><em>ὁρᾶσθαι</em></strong></span> <span class='ocrx_word' id='word_1_79' title='bbox 645 1567 696 1652; x_wconf 82' lang='grc' dir='ltr'><strong><em>ὁέ,</em></strong></span> <span class='ocrx_word' id='word_1_80' title='bbox 723 1570 806 1654; x_wconf 91' lang='grc' dir='ltr'><strong><em>πρὸς</em></strong></span> <span class='ocrx_word' id='word_1_81' title='bbox 833 1569 853 1634; x_wconf 77' lang='grc' dir='ltr'><strong><em>ὁ</em></strong></span> <span class='ocrx_word' id='word_1_82' title='bbox 882 1569 924 1634; x_wconf 76' lang='grc' dir='ltr'><strong><em>ὄν</em></strong></span> <span class='ocrx_word' id='word_1_83' title='bbox 946 1570 990 1652; x_wconf 77' lang='grc' dir='ltr'><strong><em>μὴ</em></strong></span> <span class='ocrx_word' id='word_1_84' title='bbox 1018 1584 1121 1653; x_wconf 91' lang='grc' dir='ltr'><strong><em>προσ-</em></strong></span> 
     </span>
     <span class='ocr_line' id='line_1_13' title="bbox 107 1677 452 1753; baseline 0 -13"><span class='ocrx_word' id='word_1_85' title='bbox 107 1680 272 1740; x_wconf 83' lang='grc' dir='ltr'><strong><em>πίπτωσιν</em></strong></span> <span class='ocrx_word' id='word_1_86' title='bbox 294 1677 331 1740; x_wconf 82' lang='grc' dir='ltr'><strong><em>αί</em></strong></span> <span class='ocrx_word' id='word_1_87' title='bbox 352 1677 452 1753; x_wconf 81' lang='grc' dir='ltr'><strong><em>ὄψεις.</em></strong></span> 
     </span>
    </p>

    <p class='ocr_par' dir='ltr' id='par_1_8' title="bbox 109 1797 1120 1991">
     <span class='ocr_line' id='line_1_14' title="bbox 175 1797 1120 1884; baseline -0.003 -20"><span class='ocrx_word' id='word_1_88' title='bbox 175 1798 218 1865; x_wconf 76' lang='grc' dir='ltr'><strong><em>δ’.</em></strong></span> <span class='ocrx_word' id='word_1_89' title='bbox 249 1799 367 1864; x_wconf 79' lang='grc' dir='ltr'><strong><em>καὶτὰ</em></strong></span> <span class='ocrx_word' id='word_1_90' title='bbox 390 1797 451 1884; x_wconf 78' lang='grc' dir='ltr'><strong><em>μὲν</em></strong></span> <span class='ocrx_word' id='word_1_91' title='bbox 473 1799 538 1865; x_wconf 90' lang='grc' dir='ltr'><strong><em>ὑπὸ</em></strong></span> <span class='ocrx_word' id='word_1_92' title='bbox 561 1802 708 1884; x_wconf 80' lang='grc' dir='ltr'><strong><em>μείζονος</em></strong></span> <span class='ocrx_word' id='word_1_93' title='bbox 731 1801 854 1881; x_wconf 80' lang='grc' dir='ltr'><strong><em>γωνίας</em></strong></span> <span class='ocrx_word' id='word_1_94' title='bbox 877 1798 1027 1884; x_wconf 81' lang='grc' dir='ltr'><strong><em>ὁρώμενα</em></strong></span> <span class='ocrx_word' id='word_1_95' title='bbox 1050 1801 1120 1882; x_wconf 86' lang='grc' dir='ltr'><strong><em>μεί-</em></strong></span> 
     </span>
     <span class='ocr_line' id='line_1_15' title="bbox 109 1901 1120 1991; baseline -0.003 -20"><span class='ocrx_word' id='word_1_96' title='bbox 109 1911 185 1985; x_wconf 82' lang='grc' dir='ltr'><strong><em>ζονα</em></strong></span> <span class='ocrx_word' id='word_1_97' title='bbox 204 1910 395 1991; x_wconf 72' lang='grc' dir='ltr'><strong><em>φαίνεσθαι,</em></strong></span> <span class='ocrx_word' id='word_1_98' title='bbox 416 1908 457 1971; x_wconf 79' lang='grc' dir='ltr'><strong><em>τὰ</em></strong></span> <span class='ocrx_word' id='word_1_99' title='bbox 476 1903 512 1971; x_wconf 72' lang='grc' dir='ltr'><strong><em>ὁὸ</em></strong></span> <span class='ocrx_word' id='word_1_100' title='bbox 530 1907 595 1972; x_wconf 84' lang='grc' dir='ltr'><strong><em>ὑπὸ</em></strong></span> <span class='ocrx_word' id='word_1_101' title='bbox 615 1905 793 1981; x_wconf 80' lang='grc' dir='ltr'><strong><em>ἐλάσσονος</em></strong></span> <span class='ocrx_word' id='word_1_102' title='bbox 811 1905 983 1989; x_wconf 75' lang='grc' dir='ltr'><strong><em>ἐλάσσονα,</em></strong></span> <span class='ocrx_word' id='word_1_103' title='bbox 1008 1911 1063 1970; x_wconf 83' lang='grc' dir='ltr'><strong><em>ίσα</em></strong></span> <span class='ocrx_word' id='word_1_104' title='bbox 1083 1901 1120 1970; x_wconf 75' lang='grc' dir='ltr'><strong><em>ὁὸ</em></strong></span> 
     </span>
    </p>

    <p class='ocr_par' dir='ltr' id='par_1_9' title="bbox 55 2012 676 2098">
     <span class='ocr_line' id='line_1_16' title="bbox 55 2012 676 2098; baseline 0.003 -24"><span class='ocrx_word' id='word_1_105' title='bbox 55 2027 87 2076; x_wconf 81' lang='lat'><strong><em>15</em></strong></span> <span class='ocrx_word' id='word_1_106' title='bbox 106 2015 146 2078; x_wconf 82' lang='grc' dir='ltr'><strong><em>τὰ</em></strong></span> <span class='ocrx_word' id='word_1_107' title='bbox 169 2014 233 2079; x_wconf 86' lang='grc' dir='ltr'><strong><em>ὑπὸ</em></strong></span> <span class='ocrx_word' id='word_1_108' title='bbox 259 2020 340 2078; x_wconf 88' lang='grc' dir='ltr'><strong><em>ίσων</em></strong></span> <span class='ocrx_word' id='word_1_109' title='bbox 363 2023 495 2095; x_wconf 77' lang='grc' dir='ltr'><strong><em>γωνιῶν</em></strong></span> <span class='ocrx_word' id='word_1_110' title='bbox 519 2012 676 2098; x_wconf 84' lang='grc' dir='ltr'><strong><em>ὁρώμενα.</em></strong></span> 
     </span>
    </p>
   </div>
   <div class='ocr_carea' id='block_1_5' title="bbox 105 2115 1119 2436">
    <p class='ocr_par' dir='ltr' id='par_1_10' title="bbox 105 2115 1119 2436">
     <span class='ocr_line' id='line_1_17' title="bbox 173 2115 1119 2223; baseline -0.001 -21"><span class='ocrx_word' id='word_1_111' title='bbox 173 2137 210 2203; x_wconf 84' lang='grc' dir='ltr'><strong><em>ε’.</em></strong></span> <span class='ocrx_word' id='word_1_112' title='bbox 242 2137 297 2202; x_wconf 80' lang='grc' dir='ltr'><strong><em>καὶ</em></strong></span> <span class='ocrx_word' id='word_1_113' title='bbox 316 2139 356 2202; x_wconf 81' lang='grc' dir='ltr'><strong><em>τὰ</em></strong></span> <span class='ocrx_word' id='word_1_114' title='bbox 374 2135 434 2221; x_wconf 72' lang='grc' dir='ltr'><strong><em>μὲν</em></strong></span> <span class='ocrx_word' id='word_1_115' title='bbox 453 2138 517 2203; x_wconf 84' lang='grc' dir='ltr'><strong><em>ὑπὸ</em></strong></span> <span class='ocrx_word' id='word_1_116' title='bbox 537 2135 785 2223; x_wconf 77' lang='grc' dir='ltr'><strong><em>μετεωροτέραν</em></strong></span> <span class='ocrx_word' id='word_1_117' title='bbox 805 2135 947 2201; x_wconf 83' lang='grc' dir='ltr'><strong><em>ίικτίνων</em></strong></span> <span class='ocrx_word' id='word_1_118' title='bbox 967 2115 1119 2222; x_wconf 71' lang='grc' dir='ltr'><strong><em>ὁρώμενα</em></strong></span> 
     </span>
     <span class='ocr_line' id='line_1_18' title="bbox 105 2241 1118 2330; baseline -0.001 -21"><span class='ocrx_word' id='word_1_119' title='bbox 105 2247 326 2330; x_wconf 85' lang='grc' dir='ltr'><strong><em>μετεωρότερα</em></strong></span> <span class='ocrx_word' id='word_1_120' title='bbox 350 2247 545 2328; x_wconf 72' lang='grc' dir='ltr'><strong><em>φαίνεσθαι,</em></strong></span> <span class='ocrx_word' id='word_1_121' title='bbox 573 2246 613 2308; x_wconf 78' lang='grc' dir='ltr'><strong><em>τὰ</em></strong></span> <span class='ocrx_word' id='word_1_122' title='bbox 641 2241 678 2308; x_wconf 75' lang='grc' dir='ltr'><strong><em>ὁὸ</em></strong></span> <span class='ocrx_word' id='word_1_123' title='bbox 705 2244 769 2309; x_wconf 86' lang='grc' dir='ltr'><strong><em>ὑπὸ</em></strong></span> <span class='ocrx_word' id='word_1_124' title='bbox 798 2243 1038 2329; x_wconf 84' lang='grc' dir='ltr'><strong><em>ταπεινοτέρων</em></strong></span> <span class='ocrx_word' id='word_1_125' title='bbox 1062 2268 1118 2309; x_wconf 90' lang='grc' dir='ltr'><strong><em>τα-</em></strong></span> 
     </span>
     <span class='ocr_line' id='line_1_19' title="bbox 105 2353 286 2436; baseline -0.011 -21"><span class='ocrx_word' id='word_1_126' title='bbox 105 2353 286 2436; x_wconf 84' lang='grc' dir='ltr'><strong><em>πεινότερα.</em></strong></span> 
     </span>
    </p>
   </div>
   <div class='ocr_carea' id='block_1_6' title="bbox 53 2470 1119 3004">
    <p class='ocr_par' dir='ltr' id='par_1_11' title="bbox 53 2470 1119 3004">
     <span class='ocr_line' id='line_1_20' title="bbox 174 2470 1118 2562; baseline 0.005 -25"><span class='ocrx_word' id='word_1_127' title='bbox 174 2473 214 2544; x_wconf 88' lang='grc' dir='ltr'><strong><em>ς’.</em></strong></span> <span class='ocrx_word' id='word_1_128' title='bbox 251 2472 306 2538; x_wconf 78' lang='grc' dir='ltr'><strong><em>καὶ</em></strong></span> <span class='ocrx_word' id='word_1_129' title='bbox 334 2473 455 2558; x_wconf 92' lang='grc' dir='ltr'><strong><em>ὁμοίως</em></strong></span> <span class='ocrx_word' id='word_1_130' title='bbox 486 2474 527 2537; x_wconf 80' lang='grc' dir='ltr'><strong><em>τὰ</em></strong></span> <span class='ocrx_word' id='word_1_131' title='bbox 558 2470 619 2557; x_wconf 69' lang='grc' dir='ltr'><strong><em>μὲν</em></strong></span> <span class='ocrx_word' id='word_1_132' title='bbox 650 2474 715 2540; x_wconf 88' lang='grc' dir='ltr'><strong><em>ὑπὸ</em></strong></span> <span class='ocrx_word' id='word_1_133' title='bbox 744 2473 945 2562; x_wconf 81' lang='grc' dir='ltr'><strong><em>ὁεξιωτέρων</em></strong></span> <span class='ocrx_word' id='word_1_134' title='bbox 973 2475 1118 2542; x_wconf 80' lang='grc' dir='ltr'><strong><em>ἀκτίνων</em></strong></span> 
     </span>
     <span class='ocr_line' id='line_1_21' title="bbox 53 2578 1117 2669; baseline 0.008 -28"><span class='ocrx_word' id='word_1_135' title='bbox 53 2593 88 2642; x_wconf 79' lang='lat'><strong><em>20</em></strong></span> <span class='ocrx_word' id='word_1_136' title='bbox 106 2582 257 2668; x_wconf 86' lang='grc' dir='ltr'><strong><em>ὁρώμενα</em></strong></span> <span class='ocrx_word' id='word_1_137' title='bbox 281 2578 454 2666; x_wconf 76' lang='grc' dir='ltr'><strong><em>δεξιώτερα</em></strong></span> <span class='ocrx_word' id='word_1_138' title='bbox 478 2583 669 2664; x_wconf 78' lang='grc' dir='ltr'><strong><em>φαίνεσθαι,</em></strong></span> <span class='ocrx_word' id='word_1_139' title='bbox 692 2582 733 2645; x_wconf 78' lang='grc' dir='ltr'><strong><em>τὰ</em></strong></span> <span class='ocrx_word' id='word_1_140' title='bbox 756 2579 792 2646; x_wconf 75' lang='grc' dir='ltr'><strong><em>ὁὸ</em></strong></span> <span class='ocrx_word' id='word_1_141' title='bbox 815 2583 880 2648; x_wconf 86' lang='grc' dir='ltr'><strong><em>ὑπὸ</em></strong></span> <span class='ocrx_word' id='word_1_142' title='bbox 905 2582 1117 2669; x_wconf 81' lang='grc' dir='ltr'><strong><em>ἀριστερωτὲ-</em></strong></span> 
     </span>
     <span class='ocr_line' id='line_1_22' title="bbox 109 2685 449 2772; baseline -0.006 -20"><span class='ocrx_word' id='word_1_143' title='bbox 109 2712 178 2771; x_wconf 90' lang='grc' dir='ltr'><strong><em>ρων</em></strong></span> <span class='ocrx_word' id='word_1_144' title='bbox 201 2685 449 2772; x_wconf 77' lang='grc' dir='ltr'><strong><em>ἀριστερώτερα.</em></strong></span> 
     </span>
     <span class='ocr_line' id='line_1_23' title="bbox 175 2807 1119 2901; baseline 0.004 -25"><span class='ocrx_word' id='word_1_145' title='bbox 175 2810 212 2890; x_wconf 82' lang='grc' dir='ltr'><strong><em>ζ’.</em></strong></span> <span class='ocrx_word' id='word_1_146' title='bbox 240 2812 280 2876; x_wconf 78' lang='grc' dir='ltr'><strong><em>τὰ</em></strong></span> <span class='ocrx_word' id='word_1_147' title='bbox 299 2807 336 2875; x_wconf 70' lang='grc' dir='ltr'><strong><em>ὁὸ</em></strong></span> <span class='ocrx_word' id='word_1_148' title='bbox 353 2811 418 2876; x_wconf 86' lang='grc' dir='ltr'><strong><em>ὑπὸ</em></strong></span> <span class='ocrx_word' id='word_1_149' title='bbox 438 2815 601 2878; x_wconf 75' lang='grc' dir='ltr'><strong><em>πλειόνων</em></strong></span> <span class='ocrx_word' id='word_1_150' title='bbox 619 2824 750 2896; x_wconf 81' lang='grc' dir='ltr'><strong><em>γωνιῶν</em></strong></span> <span class='ocrx_word' id='word_1_151' title='bbox 768 2813 918 2900; x_wconf 85' lang='grc' dir='ltr'><strong><em>ὁρώμενα</em></strong></span> <span class='ocrx_word' id='word_1_152' title='bbox 933 2814 1119 2901; x_wconf 78' lang='grc' dir='ltr'><strong><em>ἀκριβέστε-</em></strong></span> 
     </span>
     <span class='ocr_line' id='line_1_24' title="bbox 110 2920 381 3004; baseline 0 -22"><span class='ocrx_word' id='word_1_153' title='bbox 110 2942 171 3004; x_wconf 92' lang='grc' dir='ltr'><strong><em>ρον</em></strong></span> <span class='ocrx_word' id='word_1_154' title='bbox 190 2920 381 3002; x_wconf 80' lang='grc' dir='ltr'><strong><em>φαίνεσθαι.</em></strong></span> 
     </span>
    </p>
   </div>
   <div class='ocr_carea' id='block_1_7' title="bbox 96 3215 1118 3575">
    <p class='ocr_par' dir='ltr' id='par_1_12' title="bbox 96 3215 1118 3575">
     <span class='ocr_line' id='line_1_25' title="bbox 180 3215 1118 3288; baseline 0.003 -18"><span class='ocrx_word' id='word_1_155' title='bbox 180 3224 203 3271; x_wconf 78' lang='lat'><strong><em>2.</em></strong></span> <span class='ocrx_word' id='word_1_156' title='bbox 224 3216 291 3273; x_wconf 79' lang='grc' dir='ltr'><strong><em>οἵων</em></strong></span> <span class='ocrx_word' id='word_1_157' title='bbox 309 3235 335 3285; x_wconf 83' lang='lat' dir='ltr'><strong><em>v,</em></strong></span> <span class='ocrx_word' id='word_1_158' title='bbox 356 3217 405 3270; x_wconf 84' lang='lat' dir='ltr'><strong><em>sed</em></strong></span> <span class='ocrx_word' id='word_1_159' title='bbox 424 3234 493 3271; x_wconf 83' lang='lat' dir='ltr'>corr.</span> <span class='ocrx_word' id='word_1_160' title='bbox 569 3221 593 3270; x_wconf 86' lang='lat'><strong><em>3.</em></strong></span> <span class='ocrx_word' id='word_1_161' title='bbox 613 3215 685 3288; x_wconf 86' lang='grc' dir='ltr'><strong><em>ὄροι]</em></strong></span> <span class='ocrx_word' id='word_1_162' title='bbox 704 3235 759 3287; x_wconf 88' lang='lat' dir='ltr'><strong><em>mg.</em></strong></span> <span class='ocrx_word' id='word_1_163' title='bbox 779 3236 814 3272; x_wconf 91' lang='lat' dir='ltr'><strong><em>m.</em></strong></span> <span class='ocrx_word' id='word_1_164' title='bbox 836 3224 850 3270; x_wconf 94' lang='lat'>1</span> <span class='ocrx_word' id='word_1_165' title='bbox 870 3218 908 3285; x_wconf 81' lang='lat' dir='ltr'><strong><em>V;</em></strong></span> <span class='ocrx_word' id='word_1_166' title='bbox 929 3217 989 3287; x_wconf 87' lang='grc' dir='ltr'><strong><em>ὄροι</em></strong></span> <span class='ocrx_word' id='word_1_167' title='bbox 1008 3216 1118 3274; x_wconf 85' lang='grc' dir='ltr'><strong><em>ὄπτιιιοί</em></strong></span> 
     </span>
     <span class='ocr_line' id='line_1_26' title="bbox 107 3285 1116 3360; baseline 0.004 -19"><span class='ocrx_word' id='word_1_168' title='bbox 107 3288 159 3342; x_wconf 88' lang='lat' dir='ltr'>ins.</span> <span class='ocrx_word' id='word_1_169' title='bbox 178 3307 213 3341; x_wconf 91' lang='lat' dir='ltr'><strong><em>m.</em></strong></span> <span class='ocrx_word' id='word_1_170' title='bbox 234 3294 249 3341; x_wconf 78' lang='lat'><strong>2</strong></span> <span class='ocrx_word' id='word_1_171' title='bbox 268 3307 300 3357; x_wconf 74' lang='grc' dir='ltr'><strong><em>μς</em></strong></span> <span class='ocrx_word' id='word_1_172' title='bbox 329 3288 464 3343; x_wconf 71' lang='grc' dir='ltr'><strong><em>ἐντεῦθεν</em></strong></span> <span class='ocrx_word' id='word_1_173' title='bbox 483 3286 510 3342; x_wconf 79' lang='grc' dir='ltr'><strong><em>οἱ</em></strong></span> <span class='ocrx_word' id='word_1_174' title='bbox 530 3285 590 3356; x_wconf 88' lang='grc' dir='ltr'><strong><em>ὄροι</em></strong></span> <span class='ocrx_word' id='word_1_175' title='bbox 610 3297 666 3343; x_wconf 87' lang='grc' dir='ltr'><strong><em>τῶν</em></strong></span> <span class='ocrx_word' id='word_1_176' title='bbox 687 3287 841 3344; x_wconf 72' lang='grc' dir='ltr'><strong><em>Εὐκλείδαν</em></strong></span> <span class='ocrx_word' id='word_1_177' title='bbox 860 3289 982 3345; x_wconf 84' lang='grc' dir='ltr'><strong><em>ὄπτικῶν</em></strong></span> <span class='ocrx_word' id='word_1_178' title='bbox 1005 3309 1060 3360; x_wconf 87' lang='lat' dir='ltr'><strong><em>mg.</em></strong></span> <span class='ocrx_word' id='word_1_179' title='bbox 1080 3310 1116 3345; x_wconf 91' lang='lat' dir='ltr'><strong><em>m.</em></strong></span> 
     </span>
     <span class='ocr_line' id='line_1_27' title="bbox 107 3359 1116 3417; baseline 0.004 -5"><span class='ocrx_word' id='word_1_180' title='bbox 107 3376 160 3414; x_wconf 82' lang='lat' dir='ltr'>rec.</span> <span class='ocrx_word' id='word_1_181' title='bbox 180 3378 205 3413; x_wconf 86' lang='lat' dir='ltr'><strong><em>v.</em></strong></span> <span class='ocrx_word' id='word_1_182' title='bbox 242 3376 372 3413; x_wconf 86' lang='lat' dir='ltr'><strong>numeros</strong></span> <span class='ocrx_word' id='word_1_183' title='bbox 392 3359 486 3413; x_wconf 90' lang='lat' dir='ltr'><strong>om.V</strong></span> <span class='ocrx_word' id='word_1_184' title='bbox 514 3377 539 3413; x_wconf 90' lang='lat' dir='ltr'><strong><em>v.</em></strong></span> <span class='ocrx_word' id='word_1_185' title='bbox 613 3364 636 3413; x_wconf 90' lang='lat'><strong><em>8.</em></strong></span> <span class='ocrx_word' id='word_1_186' title='bbox 656 3365 693 3413; x_wconf 84' lang='grc' dir='ltr'><strong><em>τῶ</em></strong></span> <span class='ocrx_word' id='word_1_187' title='bbox 726 3377 793 3415; x_wconf 87' lang='lat' dir='ltr'>corr.</span> <span class='ocrx_word' id='word_1_188' title='bbox 814 3377 848 3415; x_wconf 80' lang='lat' dir='ltr'><strong><em>ex</em></strong></span> <span class='ocrx_word' id='word_1_189' title='bbox 866 3360 897 3415; x_wconf 84' lang='grc' dir='ltr'><strong><em>τό</em></strong></span> <span class='ocrx_word' id='word_1_190' title='bbox 916 3368 1028 3416; x_wconf 78' lang='lat' dir='ltr'>m.2v.</span> <span class='ocrx_word' id='word_1_191' title='bbox 1092 3367 1116 3417; x_wconf 86' lang='grc'><strong><em>9,</em></strong></span> 
     </span>
     <span class='ocr_line' id='line_1_28' title="bbox 108 3361 1117 3501; baseline 0.004 -18"><span class='ocrx_word' id='word_1_192' title='bbox 108 3429 225 3497; x_wconf 82' lang='grc' dir='ltr'><strong><em>πέρασιν</em></strong></span> <span class='ocrx_word' id='word_1_193' title='bbox 243 3430 300 3486; x_wconf 80' lang='lat' dir='ltr'><strong><em>Vv.</em></strong></span> <span class='ocrx_word' id='word_1_194' title='bbox 374 3436 415 3484; x_wconf 89' lang='lat'><strong><em>10.</em></strong></span> <span class='ocrx_word' id='word_1_195' title='bbox 436 3429 466 3484; x_wconf 74' lang='lat' dir='ltr'><strong><em>al</em></strong></span> <span class='ocrx_word' id='word_1_196' title='bbox 485 3377 576 3501; x_wconf 77' lang='grc' dir='ltr'><strong><em>ὄψεις]</em></strong></span> <span class='ocrx_word' id='word_1_197' title='bbox 595 3447 649 3485; x_wconf 81' lang='lat' dir='ltr'><strong>ras.</strong></span> <span class='ocrx_word' id='word_1_198' title='bbox 665 3414 682 3483; x_wconf 69' lang='lat'><strong><em>3⁴</em></strong></span> <span class='ocrx_word' id='word_1_199' title='bbox 694 3361 754 3486; x_wconf 69' lang='grc' dir='ltr'><strong><em>ὄίὁὸ.</em></strong></span> <span class='ocrx_word' id='word_1_200' title='bbox 774 3451 799 3487; x_wconf 78' lang='lat' dir='ltr'><strong><em>v.</em></strong></span> <span class='ocrx_word' id='word_1_201' title='bbox 879 3438 919 3486; x_wconf 93' lang='lat'><strong><em>11.</em></strong></span> <span class='ocrx_word' id='word_1_202' title='bbox 940 3430 1117 3500; x_wconf 85' lang='grc' dir='ltr'><strong><em>προσπίπτω-</em></strong></span> 
     </span>
     <span class='ocr_line' id='line_1_29' title="bbox 96 3501 1117 3575; baseline 0.006 -25"><span class='ocrx_word' id='word_1_203' title='bbox 96 3516 143 3551; x_wconf 73' lang='grc' dir='ltr'><strong><em>σιν</em></strong></span> <span class='ocrx_word' id='word_1_204' title='bbox 155 3501 240 3570; x_wconf 76' lang='lat' dir='ltr'><em>(pr,)]</em></span> <span class='ocrx_word' id='word_1_205' title='bbox 262 3519 349 3557; x_wconf 86' lang='grc' dir='ltr'><strong><em>-πτω-</em></strong></span> <span class='ocrx_word' id='word_1_206' title='bbox 373 3518 460 3572; x_wconf 82' lang='lat' dir='ltr'><strong>supra</strong></span> <span class='ocrx_word' id='word_1_207' title='bbox 485 3518 535 3558; x_wconf 82' lang='lat' dir='ltr'>scr.</span> <span class='ocrx_word' id='word_1_208' title='bbox 560 3519 596 3557; x_wconf 89' lang='lat' dir='ltr'><strong><em>m.</em></strong></span> <span class='ocrx_word' id='word_1_209' title='bbox 617 3508 632 3556; x_wconf 82' lang='lat'>1</span> <span class='ocrx_word' id='word_1_210' title='bbox 656 3520 687 3570; x_wconf 67' lang='grc' dir='ltr'><strong><em>νς</em></strong></span> <span class='ocrx_word' id='word_1_211' title='bbox 714 3505 859 3572; x_wconf 77' lang='lat' dir='ltr'>praeterea</span> <span class='ocrx_word' id='word_1_212' title='bbox 888 3521 971 3572; x_wconf 82' lang='lat' dir='ltr'><strong>supra</strong></span> <span class='ocrx_word' id='word_1_213' title='bbox 997 3504 1062 3558; x_wconf 80' lang='lat' dir='ltr'><strong>add.</strong></span> <span class='ocrx_word' id='word_1_214' title='bbox 1087 3506 1117 3575; x_wconf 79' lang='grc' dir='ltr'><strong><em>β;</em></strong></span> 
     </span>
    </p>
   </div>
   <div class='ocr_carea' id='block_1_8' title="bbox 0 0 1172 3788">
    <p class='ocr_par' dir='ltr' id='par_1_13' title="bbox 0 0 1172 3788">
     <span class='ocr_line' id='line_1_30' title="bbox 0 0 1172 3788; baseline 0 1"><span class='ocrx_word' id='word_1_215' title='bbox 0 0 1172 3788; x_wconf 95' lang='lat' dir='ltr'><strong><em> </em></strong></span> 
     </span>
    </p>
   </div>
  </div>
 </body>
</html>
