2334 3788
99 111 164 174 330
491 112 722 165 CATOPTRIOA.

99 265 143 338 τῷ
167 255 256 342 αὐτῷ
280 255 380 341 μέρει,
404 255 488 319 ὅπου
512 254 581 320 ἐστὶ
604 257 640 320 τὸ
665 254 762 339 ὄμμα,
789 256 864 320 οὔτε
887 264 955 320 τῶν
978 252 1034 319 ἐπὶ
1057 262 1114 337 τῆς

99 360 277 446 διαμέτρου
301 361 377 426 οὔτε
400 373 466 427 τῶν
489 360 581 437 ἐκτὸς
603 370 661 444 τῆς
684 359 871 447 διαμέτρου.

575 555 633 634 κζ’.

163 680 217 746 Ἐν
243 692 313 758 τοῖς
340 684 464 757 κοίλοις
488 680 659 765 ένόιιτροις
687 680 745 746 έάν
773 679 826 746 έιιλ
849 690 907 764 τῆς
929 679 1112 766 διαμέτρου

64 795 179 873 ὅτεθη
203 789 243 852 τά
262 791 390 873 ὄμματα
409 794 482 853 ίσον
501 786 664 871 ἀπέχοντα
682 796 742 852 τοῦ
759 786 909 873 κέντρου,
932 784 1111 873 οὐδέτερον

98 905 166 959 τῶν
189 895 344 979 ὀμμάτων
367 895 560 979 ὀφθήσεται.

165 1005 246 1066 έσιω
265 1006 379 1066 κοῖλον
398 1004 558 1086 ένοιττρον
576 1002 613 1066 τὸ
627 1008 660 1066 Α
666 1005 737 1085 ΓΔ,
760 1001 933 1086 διάμετρος
947 996 985 1064 δὲ
999 999 1019 1083 ἡ
1034 1004 1111 1082 ΑΔ,

98 1106 236 1194 κέντρον
263 1105 300 1171 δέ
327 1109 364 1173 τὸ
390 1112 431 1191 Ζ,
463 1108 546 1192 πρὸς
569 1107 675 1192 ὀρθὰς
702 1103 739 1172 δὲ
761 1107 782 1190 ἡ
807 1109 881 1189 ΖΓ,
914 1104 1045 1190 ὄμματα
1074 1101 1111 1170 δδ

97 1215 137 1278 τά
161 1219 200 1297 Β,
218 1219 250 1279 Ε
276 1220 350 1279 ἴσον
373 1212 536 1297 ἀπέχοντα
563 1223 622 1278 τοῦ
645 1213 799 1298 κέντρου,
831 1211 908 1291 ὄψις
933 1209 969 1276 δέ
993 1211 1013 1295 ἡ
1036 1215 1110 1276 ΒΓ.

49 1335 79 1383 10
99 1321 222 1385 οὐκοῦν
246 1319 459 1406 ἀνακλωμένη
482 1319 550 1404 ἥξει
574 1319 627 1385 έιιλ
650 1320 687 1385 τὸ
710 1326 755 1385 E·
788 1319 825 1385 έν
849 1325 935 1396 ίσαις
957 1319 1021 1405 γάρ
1045 1343 1111 1401 γω-

98 1431 185 1503 νίαις
213 1427 401 1492 ἀνακλᾶται.
451 1429 533 1509 ἀλλη
565 1424 601 1490 δέ
629 1427 766 1511 οὐδεμία
797 1423 865 1509 ἥξει
894 1424 1110 1510 ἀνακλωμένη

97 1533 161 1598 ἀπὸ
189 1542 249 1597 τοῦ
278 1535 306 1596 Β
334 1531 387 1597 ἐπὶ
415 1534 451 1597 τὸ
479 1538 517 1597 Ε.
564 1536 594 1598 εί
619 1534 683 1621 γὰρ
710 1532 778 1616 ἥξει
806 1533 851 1609 ὡς
877 1532 897 1615 ἡ
926 1537 1005 1616 ΒΘ,
1038 1531 1110 1596 έπε-

99 1640 290 1722 ζεύχδωσαν
317 1641 354 1704 αί
377 1644 453 1723 ΘΕ,
480 1645 553 1703 ΘΖ·
583 1642 659 1723 δίχα
686 1642 751 1726 ἀρα
773 1641 975 1724 τμηθήσεται
999 1638 1019 1722 ἡ
1042 1638 1109 1704 ὑπὸ

98 1749 199 1809 ΒΘΕ
225 1745 290 1811 ὑπὸ
318 1755 376 1828 τῆς
404 1750 481 1829 ΖΘ,
517 1744 572 1810 καὶ
604 1745 769 1828 ἀνάλογον
800 1749 891 1810 ἔσται
922 1745 967 1820 ὡς
994 1744 1015 1828 ἡ
1043 1749 1110 1810 ΒΘ

49 1866 78 1916 15
97 1853 179 1937 πρὸς
200 1857 276 1935 ΘΕ,
300 1852 319 1934 ἡ
339 1856 402 1916 ΒΖ
425 1854 507 1937 πρὸς
527 1858 603 1917 ΖΕ·
628 1853 707 1938 ὅπερ
727 1853 906 1917 ἀδύνατον·
929 1849 1029 1935 ἡμὲν
1044 1853 1108 1938 γάρ
1152 1886 1154 1891 ·

98 1962 161 2022 ΒΘ
183 1962 301 2043 μείζων
325 1957 393 2024 ἐστὶ
415 1969 473 2042 τῆς
493 1964 565 2042 ΘΕ,
588 1959 609 2042 ἡ
633 1958 670 2024 δέ
688 1964 751 2023 ΒΖ
775 1965 828 2042 ίση
849 1969 887 2044 τῇ
908 1963 978 2023 ΖΕ.
1014 1959 1108 2024 οὐδε-

96 2068 154 2147 μιά
182 2067 246 2151 ἀρα
268 2065 337 2148 ἥξει
361 2065 574 2149 ἀνακλωμένη
602 2065 665 2130 ἀπὸ
688 2075 748 2130 τοῦ
772 2070 800 2129 Β
829 2063 881 2130 έιιὶ
904 2066 940 2130 τὸ
965 2070 1003 2129 Ε.
1050 2069 1109 2149 μία

96 2175 160 2256 ἀρα
179 2171 255 2249 ὄψις
273 2176 377 2255 μόνον
397 2172 681 2256 ἀνακλασθήσεται
701 2170 754 2256 ἐφ’
771 2169 925 2257 ἑκατέρου
943 2183 1011 2236 τῶν
1025 2177 1064 2254 Β,
1079 2178 1111 2236 E

96 2276 261 2362 ὀμμάτων,
280 2277 335 2343 καὶ
354 2279 414 2343 οὐκ
433 2279 617 2363 ὀφθήσεται
636 2280 672 2343 τὸ
687 2284 730 2343 Β·
755 2279 795 2343 οὐ
816 2280 877 2364 γὰρ
895 2291 1109 2361 συμπεσεῖται

49 2397 77 2444 ιο
95 2383 116 2465 ἡ
134 2388 201 2447 ΒΓ
219 2384 437 2470 ἐκβαλλομένη
457 2396 495 2471 τῇ
515 2391 578 2450 ΒΛ
601 2383 653 2449 έπλ
671 2386 711 2449 τά
731 2389 815 2469 Γ,Δ
837 2384 929 2469 μέρη,
953 2385 1108 2469 ἐφαίνετο

96 2487 132 2554 δὲ
155 2489 293 2555 ἕκαστον
315 2492 397 2555 κατδι
420 2493 480 2575 τὴν
504 2493 675 2575 συμβολὴν
697 2495 801 2575 μόνον
824 2502 891 2556 τῶν
914 2490 1108 2576 δρωμένων·

96 2594 173 2661 οὐδὲ
196 2597 304 2679 ἡΕΓ
321 2598 360 2662 οὐ
384 2600 427 2681 μὴ
452 2597 599 2683 συμπέση
622 2608 662 2683 τῇ
680 2603 747 2662 ΕΑ
770 2595 823 2662 ἐπὶ
843 2599 883 2661 τά
904 2602 987 2681 Γ,Α
1009 2596 1107 2684 μέρη·

96 2703 132 2767 έν
155 2705 217 2789 νάρ
241 2715 310 2780 τοῖς
331 2708 456 2780 κοίλοις
483 2705 655 2789 ένόπτροις
678 2703 816 2769 ἕκαστον
838 2715 905 2768 τῶν
927 2703 1108 2789 δρωμένων

94 2812 175 2875 κατά
194 2813 255 2894 τὴν
273 2810 337 2875 ἀπὸ
356 2819 416 2874 τοῦ
430 2809 600 2896 ὁρωμένου
619 2813 665 2886 είς
684 2812 720 2875 τὸ
734 2809 872 2895 κέντρον
891 2819 947 2893 τῆς
961 2815 1108 2897 σφαίρας

49 2929 76 2977 25
95 2914 260 3000 ἀγομένην
283 2917 419 2982 εὐθεῖαν
442 2917 566 3003 ὁρᾶται.
633 2962 635 2965 -

166 3116 189 3163 1.
210 3107 283 3163 ἐστίν
302 3109 357 3164 Vv.
431 3109 506 3180 οὔτε]
526 3109 589 3162 οὔτε
607 3128 634 3161 τι
652 3127 687 3162 m.
770 3112 793 3161 3.
813 3107 869 3178 κζ’]
888 3107 1005 3161 λδἽῙτ.
1082 3116 1106 3164 5.

93 3179 127 3232 τά
147 3179 268 3251 ὄμματα]
287 3181 317 3234 τὸ
334 3180 408 3248 ὄμμα
426 3181 463 3234 Μ.
519 3185 543 3234 9.
562 3178 597 3232 τὰ
617 3181 650 3250 Β]
671 3196 686 3232 ο
704 3195 772 3232 corr.
787 3179 825 3233 M.
880 3178 942 3249 τοῦ]
960 3187 1011 3232 τοῦ
1028 3183 1050 3232 Ζ
1069 3198 1106 3233 m.

131 3257 171 3306 11.
196 3249 379 3320 ἀνακλωμένη
402 3257 497 3305 -12,
517 3249 589 3321 ἥξει]
614 3267 665 3304 om.
686 3251 779 3304 Mvm.
872 3255 913 3303 12.
941 3249 976 3320 ἡ]
1004 3253 1107 3318 postea

93 3323 157 3378 add.
178 3341 213 3377 m.
289 3328 328 3375 14.
350 3323 450 3393 ΒΘΕ]
471 3319 715 3390 ΒΘΕηωνίαιο.
776 3322 839 3392 ΖΘ]
862 3323 915 3375 ΖΘ
934 3319 1050 3383 εὐθείας
1069 3340 1106 3375 m.

130 3394 216 3465 ἔσται]
236 3393 309 3448 ἐστιν
328 3393 365 3446 M.
449 3398 488 3447 15,
511 3393 581 3463 ΘΕ]
600 3393 651 3461 τὴν
672 3394 728 3446 ΘΕ
745 3392 815 3446 Mm.
892 3391 959 3462 ΖΕ]
978 3391 1030 3460 τὴν
1053 3396 1108 3446 ΖΕ

92 3463 163 3518 Mm.
236 3470 277 3519 16.
298 3461 371 3518 ἐστίν
389 3464 444 3518 Vv.
517 3464 657 3535 ZE1EZ
675 3462 713 3516 M.
787 3462 1106 3531 18.μόνον]οω.Μηκ
