2334 3788
410 115 581 168 EUOLIDIS
601 115 739 168 OPTIGA.
1039 109 1080 176 89

70 263 105 325 et
132 259 304 343 parallelos
332 263 389 324 est.
435 259 776 344 parallelogrammum
804 262 854 322 est
882 278 960 344 ergo
986 258 1081 341 ocpb.

67 370 203 451 propter
220 365 332 430 eadem
350 387 428 430 uero
448 370 481 430 et
499 365 840 451 parallelogrammum
859 365 970 429 existit
989 367 1081 448 adop.

68 477 172 538 restat
187 477 295 537 autem
310 472 540 557 demonstrare,
560 472 712 555 quoniam
726 471 833 536 minus
849 475 983 555 apparet
996 471 1081 536 idem

70 583 105 644 et
131 578 245 644 maius
300 578 509 643 manifestum
542 582 592 642 est
623 582 745 663 autem,
777 577 863 662 quod
894 577 1001 641 minor
1032 582 1082 643 est

69 685 210 771 angulus
230 707 299 768 pcc
323 707 420 771 quam
440 686 515 768 ped.
553 685 705 769 quoniam
728 705 806 770 ergo
825 685 1082 748 demonstratum
1119 692 1134 742 5

70 796 130 877 cst,
154 791 240 876 quod
264 793 408 856 omnium
430 814 489 877 per
513 796 658 856 centrum
682 792 851 856 ductarum
869 795 1027 856 rectarum
1049 794 1082 855 et

68 897 260 963 facientium
279 899 434 983 angulum
453 897 623 962 minimum
637 902 687 963 est
706 919 787 980 quae
807 897 866 961 sub
883 917 959 981 peu,
977 896 1083 961 minor

71 1027 149 1091 ergo
174 1027 272 1089 quam
291 1006 366 1087 ped.
404 1008 436 1068 et
460 1008 510 1068 est
533 1004 671 1090 angulus
695 1005 825 1088 quidem
844 1005 904 1086 pel
927 1002 1103 1066 medietas*

71 1111 210 1197 angulus
224 1111 300 1195 ὁρας
318 1111 658 1196 parallelogrammum
672 1111 906 1195 aequilaterum
920 1113 970 1173 est
987 1109 1081 1173 enim.

74 1221 106 1282 et
128 1218 195 1283 aed
215 1217 370 1282 medietas
395 1216 507 1302 anguli
526 1220 606 1303 θεάς
632 1216 973 1301 parallelogrammum
996 1215 1135 1280 enim10

73 1324 304 1406 aequilaterum
328 1328 386 1388 est.
433 1327 465 1387 ct
489 1323 544 1407 qui
568 1324 628 1387 sub
652 1324 716 1389 beo
738 1345 816 1409 ergo
840 1323 946 1387 minor
969 1327 1019 1387 est
1043 1344 1081 1387 eo

72 1429 127 1512 qui
152 1429 211 1494 sub
234 1431 304 1495 aad.
342 1451 440 1516 quare
464 1434 496 1494 et
519 1431 562 1495 ob
585 1431 775 1515 magnitudo
799 1429 1022 1516 magnitudine
1041 1431 1083 1494 cla

72 1534 178 1600 minor
200 1534 373 1601 uidebitur.

138 1646 171 1706 et
190 1641 400 1707 manifestum
419 1647 469 1707 est
488 1665 528 1707 ex
544 1647 754 1726 praeostensa
772 1644 908 1729 ratione,
929 1642 1081 1727 quoniam

72 1747 243 1812 minimum
267 1748 396 1832 quidem
418 1749 582 1814 uidebitur
606 1750 646 1814 ad
668 1772 690 1814 o
711 1755 881 1835 punctum,
904 1750 1081 1814 maximum
1101 1758 1134 1808 15

74 1876 150 1919 uero
174 1853 214 1919 ad
238 1854 328 1939 illud,
351 1855 437 1939 quod
461 1856 636 1921 secundum
659 1856 851 1920 diametrum
875 1856 975 1920 distat
999 1856 1039 1920 ab
1061 1877 1083 1919 o

73 1965 193 2044 puncto
199 2013 208 2046 ,
240 1962 372 2045 aequale
399 1983 477 2026 uero
505 1985 562 2047 per
586 1964 719 2046 aequale
742 1963 865 2028 distans
888 1963 924 2027 in
945 1967 1081 2047 utraque

74 2068 114 2131 ab
138 2089 159 2131 o
180 2072 311 2151 puncto

143 2242 190 2328 Si,
217 2244 303 2327 quod
325 2244 467 2329 uidetur,
494 2238 756 2330 perpendiculare
779 2246 878 2311 fuerit
902 2248 1081 2312 subiacenti

72 2350 186 2435 plano,
217 2355 448 2434 transponatur
477 2373 555 2416 uero
584 2353 695 2416 oculus
728 2375 825 2436 super
853 2353 965 2419 circuli
995 2355 1081 2438 peri·
1100 2362 1134 2411 20

73 2456 188 2521 feriam
216 2461 362 2521 centrum
389 2458 564 2521 habentem
591 2462 761 2544 punctum,
793 2461 969 2525 secundum
997 2460 1082 2544 quod

74 2563 283 2648 coniungitur
305 2562 496 2649 magnitudo
518 2549 663 2649 ebipedo‚
683 2565 819 2649 aequale
839 2587 973 2651 semper,
997 2566 1082 2650 quod

71 2668 248 2753 uidebitur,
272 2669 449 2754 apparebit.
477 2670 478 2673 ’

140 2780 211 2840 esto
236 2779 408 2860 conspecta
430 2776 619 2861 magnitudo
643 2777 686 2840 ab
712 2778 986 2862 perpendicularis
1010 2780 1082 2843 sub-

145 2955 168 3003 2.
188 2948 455 3018 paralellogramum
469 2950 507 3017 1),
526 2956 558 3004 ot
572 2952 621 3005 lla.
632 2955 658 3019 9,
668 2956 713 3006 10.
754 3008 756 3012 ,
777 2955 801 3005 8.
821 2953 899 3022 ergo]
919 2954 951 3006 ia
968 2970 1022 3008 ros.
1042 2954 1080 3008 D.

109 3020 240 3092 angulus]
260 3038 309 3075 scr.
329 3019 435 3088 anguli.
512 3025 553 3076 10.
573 3023 602 3074 et
616 3053 650 3061 —
666 3027 707 3077 11.
727 3023 770 3076 est
784 3024 862 3093 (pr.)]
881 3041 933 3094 cop.
952 3041 986 3078 m.
1006 3029 1022 3077 1
1042 3025 1080 3088 D.
1133 3019 1135 3023 ’

110 3098 151 3146 11.
172 3093 216 3162 eo]
237 3093 285 3159 bis,
303 3093 349 3146 secl
366 3107 444 3159 corn,
463 3091 501 3146 D.
576 3098 617 3147 17.
638 3095 756 3160 utroque
774 3094 811 3147 D.

21 3232 24 3239 ’
72 3252 147 3320 vau,
176 3267 243 3305 corr.
266 3270 302 3305 m.
323 3257 346 3305 a.
438 3257 461 3306 e.
491 3253 582 3323 ΒΕΑ]
607 3255 693 3306 ΒΕΓ
711 3252 777 3306 Vm.
869 3257 909 3306 11.
928 3251 1003 3325 Ιγάρ]
1028 3269 1081 3308 om.

73 3322 199 3377 VatAv.
256 3328 296 3378 12.
313 3321 425 3377 ἔλαττον
439 3341 465 3391 v,
485 3323 535 3376 sed
549 3339 617 3377 corr.
673 3328 714 3377 17.
735 3320 795 3394 ἐφ’]
810 3320 861 3392 ἀφ’
879 3341 904 3377 v.
961 3328 1001 3378 18,
1018 3325 1081 3396 μα’]

72 3409 126 3520 a:
142 3393 225 3519 lal'
241 3393 518 3535 rpfflc
561 3399 637 3536 affl
655 3390 716 3519 {d
729 3393 782 3518 {5³²
800 3402 849 3448 τοῦ
869 3394 906 3464 A’
929 3403 978 3448 ‘⁰²³
998 3411 1082 3465 m
