2334 3788
479 139 710 191 carcerales.
1030 133 1094 198 311

88 290 183 373 plura
216 285 371 372 speculis,
407 283 514 367 sitque
548 286 657 347 ΑΒΔ
694 281 910 367 polygonum,
948 283 1095 344 sumatur

90 399 198 458 autem
218 399 247 458 Θ
269 396 416 458 centrum
439 388 551 454 circuli
575 389 696 455 circum
713 388 914 474 polygonum
932 385 1096 471 descripti,

88 504 121 564 et
145 501 185 564 ab
204 521 242 564 eo
261 500 418 563 ducantur
439 499 509 582 ΘΓ,
531 499 602 580 ΘΕ,
623 499 692 577 ΘΔ,
714 499 785 580 ΘΒ,
806 498 867 557 ΘΑ
890 494 931 557 ad
949 491 1096 577 angulos,

563 601 754 685 speculoque
786 601 884 685 plana
921 599 961 663 ad
987 602 1093 663 rectas

561 709 674 773 ductas
719 705 995 792 perpendicularis
1037 705 1093 768 ad-

560 818 730 897 ponantur.
775 812 841 877 iam
867 812 1019 897 quoniam
1042 815 1093 876 est

419 899 1092 1015 ffivrz÷A=N÷Kum

131 723 344 1371 ἐῶ
559 1031 694 1110 uterque
716 1031 823 1091 rectus
848 1023 926 1110 est),
954 1045 1092 1107 quorum

203 1009 472 1377 Avi
560 1136 723 1217 LN=A‚
742 1132 803 1196 erit
818 1131 1090 1206 etiamLZ=K.

559 1261 657 1323 quare
671 1238 822 1303 retractio
837 1236 919 1301 radii
928 1241 957 1301 B
964 1240 996 1301 Γ
1008 1236 1048 1299 ad
1056 1241 1090 1299 A

161 1383 193 1439 A
395 1389 433 1446 B

557 1345 629 1429 fiet3
675 1345 736 1410 sub
774 1343 961 1428 aequalibus
1003 1342 1089 1406 enim

558 1451 685 1536 angulis
704 1450 913 1515 refractiones
931 1449 1023 1513 fiunt.
1055 1451 1089 1512 et

83 1553 233 1618 similiter
245 1555 546 1640 demonstrabimus,
561 1555 659 1620 etiam
674 1557 809 1643 angulos
825 1557 866 1621 ad
874 1561 916 1640 A,
925 1560 957 1619 E
967 1557 1089 1639 puncta

81 1660 206 1743 positos
230 1662 270 1726 ad
293 1662 423 1746 specula
442 1662 591 1747 aequales
610 1685 687 1727 esse.
729 1685 806 1749 ergo
825 1663 936 1744 radius,
954 1660 1039 1726 oculi
1053 1647 1087 1724 ΙΒ

80 1766 238 1832 refractus
267 1768 362 1831 etad
386 1767 493 1832 omnia
521 1768 651 1851 specula
676 1769 824 1834 adsidens
848 1771 888 1834 ad
911 1773 943 1834 A
969 1765 1089 1832 ueniet.

559 1979 608 2043 15.

149 2085 241 2150 Licet
273 2090 382 2150 autem
410 2083 510 2149 etiam
542 2085 680 2169 speculis
712 2086 864 2151 connexis
897 2086 1088 2152 concauisue

79 2191 165 2256 idem
189 2214 325 2257 cernere.

644 2281 687 2347 sit
724 2281 810 2346 enim
846 2287 878 2345 A
912 2281 961 2364 id,
998 2283 1085 2365 quod

578 2387 665 2451 cerni
685 2393 822 2474 oportet,
846 2388 956 2453 oculus
976 2392 1085 2452 autem

576 2495 621 2578 Β,
656 2498 689 2557 et
725 2495 834 2559 eodem
868 2494 963 2559 modo
995 2495 1086 2580 poly-

577 2592 696 2684 gonum
759 2599 992 2683 aequilaterum
1051 2604 1085 2664 et

576 2703 827 2791 aequiangulum
877 2709 1084 2771 construatur

478 2581 508 2638 Θ

450 2648 527 2745 tp

468 2760 532 2870 il
575 2813 750 2894 ΑΒΓΔΕ,
774 2811 815 2874 ad
834 2815 954 2895 puncta
974 2814 1083 2874 autem

577 2920 612 3000 Γ,
630 2921 673 3001 Δ,
688 2921 720 2980 Ε
741 2916 871 3001 specula
891 2916 956 2980 sint
977 2917 1084 3000 plana,

574 3022 658 3086 unde
684 3023 826 3087 cernitur
849 3027 894 3106 A,
921 3021 1005 3087 sicut
1032 3022 1083 3086 de-

400 3139 437 3194 B
574 3132 792 3193 monstratum
815 3130 865 3190 est
892 3127 995 3211 [prop.
1016 3126 1082 3212 14]‚

75 3348 93 3420 ἢ
112 3348 212 3406 κοίλων
231 3349 373 3418 ἐνόπτρων
391 3370 427 3406 m.
515 3360 556 3410 19.
580 3353 792 3425 ἀναγεγράφθω
811 3351 911 3445 ὁμοίως
928 3373 964 3408 m.
1038 3359 1080 3407 20.

75 3423 226 3547 ΑΒΓΔΕ,
246 3439 314 3477 corr.
334 3439 368 3477 ex
385 3427 497 3478 ΑΒΔΕ
514 3443 550 3479 m.
571 3432 584 3479 1
604 3425 637 3482 V.
720 3432 762 3480 21.
781 3426 848 3498 ἀφ]
868 3420 916 3495 ἐφ’
931 3424 968 3494 Μ,
988 3421 1026 3478 δι’
1043 3441 1080 3478 m.

111 3498 153 3548 22.
171 3495 235 3564 κα]
255 3510 308 3548 om.
327 3494 363 3549 M.
