2334 3788
80 174 144 240 166
287 173 497 225 OPTIOORUM
515 171 694 224 REGENSIO
713 168 881 222 THEONIS.

79 323 116 386 τὸ
140 323 211 384 ΒΓ.
265 317 326 382 οὐκ
353 315 519 398 ἀνάλογον
545 317 610 402 ἀρα
637 325 707 390 τοῖς
735 312 940 396 ἀποστήμασι
968 311 1008 374 τά
1037 314 1093 374 λσα

79 425 205 512 μεγέθη
229 425 353 511 ὁράται.

563 543 612 610 θ’.

153 677 199 740 Τά
231 673 423 760 ὀρθογώνια
455 669 579 756 μεγέθη
617 668 649 748 ἐξ
682 669 910 752 ἀποστήματος
942 665 1094 751 ὁρώμενα

46 803 62 850 5
81 789 242 869 περιφερή
266 783 428 865 φαίνεται.

148 892 230 954 ἔστω
259 888 322 972 γὰρ
346 885 557 972 ὀρθογώνιον
579 885 617 949 τὸ
640 887 708 948 ΒΓ

82 994 197 1078 [ἑστὼς
215 991 394 1081 μετέωρον]
420 991 451 1071 ἐξ
476 992 704 1076 ἀποστήματος

81 1103 260 1189 ὁρώμενον.
316 1101 440 1165 οὐκοῦν
466 1097 535 1164 ἐπεὶ
564 1096 704 1163 ἕκαστον

27 1283 29 1287 ,
80 1220 148 1275 τῶν
170 1205 347 1295 ὁρωμένων
366 1209 431 1290 ἔχει
449 1229 481 1271 τι
502 1214 605 1290 μήκος
623 1203 703 1268 ἀπο-

30 1335 63 1383 10
82 1318 261 1399 στήματος,
303 1309 343 1379 οὗ
377 1315 556 1396 γενόμενον
593 1309 703 1377 οὐκέτι

81 1421 212 1508 ὁράται,
240 1418 260 1501 ή
288 1408 348 1502 μέν
372 1422 405 1483 Γ
426 1420 490 1505 ἀρα
512 1420 618 1501 γωνία
642 1417 702 1501 οὐχ
907 1386 932 1438 Δ
1044 1388 1077 1438 Γ

23 1583 30 1595 .
81 1526 212 1611 ὁρᾶται,
239 1526 279 1589 τά
307 1520 344 1589 δὲ
366 1531 413 1608 A,
434 1529 461 1588 Ζ
485 1535 602 1608 σημεῖα
628 1527 733 1608 μόνον
760 1529 922 1609 φαίνεται.
972 1525 1093 1609 ὁμοίως

80 1631 136 1697 καὶ
156 1630 208 1717 ἐφ’
226 1630 363 1715 ἕκάστης
380 1642 447 1697 τῶν
466 1636 592 1696 λοιπῶν
610 1643 742 1713 γωνιῶν
764 1641 863 1697 τοῦτο
882 1634 1092 1716 συμβήσεται.

82 1740 165 1805 ὥστε
188 1740 267 1804 ὄλον
289 1735 464 1825 περιφερὲς
486 1739 677 1822 φανήσεται.

30 1952 62 2004 15
570 1931 604 1998 ι’.

154 2063 227 2125 Τῶν
241 2058 328 2122 κάτω
343 2066 403 2122 τοῦ
418 2059 562 2142 ὄμματος
576 2056 739 2123 ἐπιπέδων
752 2055 913 2142 κειμένων
924 2059 965 2122 τά
979 2060 1092 2143 πόρρω

81 2168 302 2252 μετεωρότερα
326 2175 487 2249 φανεῖται.

149 2275 231 2336 ἔστω
261 2273 323 2356 γάρ
347 2274 435 2355 ὄμμα
458 2273 495 2336 τὸ
519 2274 547 2334 Β
575 2273 644 2335 ἀνω
668 2280 728 2335 τοῦ
752 2274 819 2335 ΓΚ
843 2269 1000 2335 ἐπιπέδου
1027 2273 1092 2334 κεί-

82 2401 198 2462 μενον,
236 2374 294 2461 ἀφ’
326 2373 366 2441 οὗ
399 2379 542 2460 ὄμματος
572 2376 866 2461 προσπιπτέτωσαν
898 2376 1027 2452 ἀκτῖνες
1058 2377 1096 2441 αἱ

30 2504 64 2553 20
82 2487 156 2567 BF,
179 2489 252 2566 BA,
275 2487 353 2566 BZ,
377 2486 458 2566 ΒΚ,
491 2477 538 2547 ὧν
560 2482 580 2565 ή
605 2487 674 2547 ΒΚ
697 2483 838 2560 κάθετος
865 2487 946 2548 ἔστω
975 2481 1028 2549 ἐπὶ
1055 2485 1093 2547 τὸ

82 2590 300 2674 ὑποκείμενον
333 2589 497 2654 ἐπίπεδον.
552 2586 652 2673 λέγω,
684 2590 735 2655 ὄτι
766 2591 803 2655 τὸ
837 2593 902 2654 ΓΔ
934 2599 994 2654 τοῦ
1027 2596 1060 2654 A
1067 2594 1094 2652 Z

84 2699 325 2784 μετεωρότερον
348 2699 513 2780 φαίνεται,
535 2697 572 2761 τὸ
596 2692 633 2761 δὲ
656 2701 724 2760 AZ
747 2706 807 2760 τοῦ
833 2701 905 2761 ΖΚ.
942 2698 1094 2780 εἰλήφθω

84 2802 178 2889 [γὰρ]
203 2801 256 2868 ἐπὶ
274 2812 332 2885 τής
352 2806 419 2867 ΖΚ
439 2804 541 2887 τυχὸν
559 2815 694 2887 σημεῖον
712 2804 749 2868 τὸ
764 2809 804 2887 Ε,
826 2802 882 2867 καὶ
899 2805 993 2887 ήχθω
1013 2805 1097 2887 πρὸς

84 2910 192 2996 ὄρθάς
218 2909 238 2992 ή
262 2914 340 2975 ΕΗ.
385 2907 441 2975 καὶ
470 2908 539 2975 ἐπεὶ
566 2911 603 2975 αλ
624 2913 716 2987 ὄψεις
740 2912 902 2995 πρότερον
928 2911 1012 2995 πρὸς
1034 2912 1096 2993 τήν

31 3035 65 3086 25
84 3021 156 3081 HE
181 3019 446 3103 προσπίπτουσιν
469 3018 551 3102 ήπερ
577 3017 660 3101 πρὸς
682 3017 743 3099 τήν
766 3019 839 3098 ΕΓ,
866 3014 1095 3101 προσπιπτέτω

83 3133 123 3209 τῇ
146 3127 218 3188 ΗΒ
239 3125 259 3208 ή
282 3120 342 3208 μέν
361 3126 430 3187 ΒΓ
446 3123 528 3187 κατδι
551 3123 587 3186 τὸ
606 3126 646 3186 Η
664 3134 809 3206 σημεῖον,
833 3119 908 3206 ήδὲ
927 3128 990 3186 BA
1012 3124 1096 3187 κατδι

157 3288 180 3336 7,
201 3280 283 3344 ἑστὼς
301 3277 450 3350 μετέωρον]
470 3296 505 3331 m.
525 3294 578 3333 ree.
598 3279 631 3332 V.
696 3286 736 3333 10.
757 3276 909 3349 γενομένου
928 3279 985 3348 Vp.
1052 3283 1095 3332 15.

85 3388 120 3459 ι’]
139 3388 172 3457 V,
197 3388 238 3442 ια’
258 3389 327 3441 mut.
346 3384 376 3438 in
401 3385 440 3456 ιβ’
461 3403 496 3440 m.
516 3402 570 3439 rec,
662 3390 702 3440 16.
728 3365 881 3442 ἐπιπέδόνα
900 3370 1052 3455 κειμένωνό
1070 3387 1096 3440 V

78 3466 120 3529 (a,
142 3463 176 3530 β,
202 3479 225 3512 ω
248 3476 285 3512 m.
310 3459 387 3527 rest),
416 3453 551 3525 κειμένων
575 3454 716 3511 ἐπιπέδων
743 3475 792 3526 vp.
884 3463 925 3512 17.
951 3458 1095 3528 φανεῖται]

64 3527 206 3595 φαίνεται
227 3548 275 3601 νγ,
297 3548 335 3586 m.
346 3545 402 3586 rec.
414 3529 447 3586 V.
505 3535 548 3587 λθ.
570 3529 631 3603 ΒΔ]
650 3534 671 3583 Δ
690 3527 917 3583 'mmmm
971 3533 1026 3583 ΒΚ
1034 3531 1096 3598 (pr.)
