2334 3788
106 138 172 202 282
534 142 691 193 ωηακιι

174 284 225 348 86.
249 281 320 348 ’Ὁτι
343 280 379 347 δὲ
403 284 549 348 δυνατὸν
570 283 748 368 τέμνεσθαι
769 284 808 346 τὸ
829 281 1034 365 ἡμικύκλιον
1055 279 1122 343 ὑπὸ

106 397 167 452 τοῦ
193 392 342 472 μείζονος
367 391 533 472 τμήματος
558 388 717 471 καὶτοῦ,
747 388 854 463 οὕτως
878 389 973 451 ἔσται
1001 387 1124 469 δῆλον·

107 498 254 560 ἔστωσαν
268 501 337 560 ίσαι
351 496 389 558 αἴ
399 501 432 559 A
436 499 476 578 Β,
490 498 562 577 ΒΓ,
580 493 635 558 καῖ
647 494 906 579 περιγεγράφθω
920 492 1124 576 ἡμικύκλιον

106 599 181 683 περὶ
208 603 246 666 τὸ
273 605 340 665 ΑΒ
367 602 405 665 τὸ
433 605 551 681 ΑΘΒ,
583 599 637 664 καὶ
665 600 853 665 συνεστάτω
879 600 965 681 πρὸς
993 608 1035 683 τῇ
1060 601 1128 662 ΒΓ

264 746 847 1159 fsff‘*

635 985 659 1021 l

72 1519 162 1592 ικαὶ
184 1532 229 1610 τῷ
254 1526 282 1585 Β
310 1525 432 1609 σημείῳ
455 1526 560 1604 γωνία
587 1521 676 1600 ὀξεῖα
702 1524 723 1606 ἡ
745 1523 811 1587 ὑπὸ
835 1525 946 1605 ΓΒΔ,
972 1521 1059 1606 πρὸς
1083 1516 1122 1583 δὲ

107 1637 153 1715 τῷ
173 1630 206 1691 Γ
225 1633 279 1710 ἴση
302 1637 341 1713 τῇ
366 1633 394 1692 Β
418 1627 438 1711 ἡ
458 1632 496 1711 Γ,
518 1627 574 1693 καὶ
597 1628 806 1713 συμπιπτέτω
828 1629 911 1692 κατὰ
933 1628 971 1691 τὸ
996 1632 1040 1708 Δ,
1063 1625 1121 1690 καῖ

108 1733 254 1799 ἀπὸτοῦ
277 1739 310 1798 Δ
337 1732 390 1798 ἐπὶ
416 1737 454 1799 τὸ
480 1734 619 1821 κέντρον
645 1745 706 1799 τοῦ
729 1739 845 1818 ΑΘΒ,
877 1732 988 1798 ὅέστι
1016 1735 1054 1797 τὸ
1079 1738 1119 1815 Ε,

108 1839 291 1925 ἐπεζεύχθω
315 1839 335 1922 ἡ
358 1844 439 1922 ΛΕ,
466 1837 521 1903 καὶ
543 1844 667 1905 κείσθω
692 1851 731 1925 τῇ
755 1845 819 1904 ΒΖ
845 1844 1040 1926 περιφερείᾳ
1064 1845 1119 1922 ἴση

107 1945 127 2028 η
149 1950 221 2029 ΖΘ,
244 1944 298 2010 καῖ
318 1945 566 2030 ἐπεζεύχθωσαν
584 1949 621 2011 αί
637 1953 670 2011 Α
677 1952 715 2030 Θ,
736 1951 807 2011 ΘΕ.
844 1943 913 2011 ἐπεὶ
934 1943 997 2011 οὖν
1016 1946 1036 2029 ἡ
1055 1951 1122 2010 ΘΕ

56 2074 89 2121 1ο
107 2061 146 2136 τῇ
169 2057 233 2116 ΕΒ
262 2059 331 2136 ἴση,
362 2056 457 2137 κοινὴ
486 2050 521 2117 δὲ
549 2054 675 2137 ἡΕΛ,
706 2052 762 2118 καὶ
784 2057 908 2136 γωνίας
930 2059 1004 2128 ἴσας
1026 2075 1120 2138 περι-

108 2157 255 2242 έχουσιν,
279 2157 347 2223 ἐπεὶ
370 2158 425 2224 καῖ
447 2159 467 2242 ἡ
489 2164 551 2224 ΘΖ
573 2159 765 2246 περιφέρεια
787 2170 826 2244 τῇ
852 2164 911 2224 ΖΒ
936 2158 1028 2224 ἐστιν
1052 2165 1118 2242 ἴση,

109 2268 162 2345 ἴση
186 2265 250 2349 ἄρα
277 2264 297 2346 ἡ
323 2269 386 2328 ΘΛ
412 2275 452 2350 τῇ
474 2270 550 2329 ΔΒ.
604 2267 624 2349 ἡ
653 2263 689 2330 δέ
711 2271 777 2329 ΑΒ
805 2275 844 2350 τῇ
869 2268 953 2329 ΛΓ·
986 2266 1072 2330 ὥστε
1100 2265 1118 2329 ὁ

107 2368 231 2456 κέντρῳ
246 2379 291 2457 τῷ
307 2376 349 2453 Α,
368 2372 562 2456 διαστήματι
577 2369 613 2436 δέ
627 2382 672 2459 τῷ
686 2377 755 2435 ΛΘ
773 2375 982 2457 γραφόμενος
996 2373 1119 2447 κύκλος

108 2487 198 2558 τεμεί
218 2476 254 2539 τὸ
278 2475 473 2559 ἡμικύκλιον
496 2476 550 2541 καῖ
575 2479 630 2542 διὰ
653 2487 712 2542 τοῦ
737 2483 765 2542 Β
789 2477 962 2542 ἐλεύσεται.

55 2692 88 2740 15
461 2672 513 2736 Ad
534 2695 625 2756 prop.
648 2672 761 2736 XLIX.

175 2797 226 2861 87.
261 2794 313 2861 Ἐκ
340 2805 399 2861 τοῦ
423 2798 637 2882 θεωρήματος
661 2798 890 2882 φανερώτερον
914 2798 1042 2877 γίνεται
1069 2807 1117 2884 τῷ

107 2905 304 2985 συμπίπτειν
327 2903 418 2966 αὐτοί.

106 3007 219 3016 ———

178 3004 1036 3111 sfflfflmfflmmnswfflmm

107 3144 119 3150 μ
179 3195 202 3242 1.
222 3183 357 3255 δυνατόν]
376 3183 479 3251 Vvat„
500 3183 619 3236 δύναται
637 3183 668 3236 R.
743 3189 766 3236 3.
787 3181 828 3253 αἱ]
849 3199 901 3235 om.
921 3180 985 3236 VR.
1055 3181 1116 3254 καί]

107 3277 160 3315 01n.
180 3259 212 3312 R.
302 3260 327 3308 4.
346 3253 377 3307 τύ
392 3255 465 3323 (pr.)]
484 3251 518 3306 τύ
536 3254 639 3321 Mat„
659 3256 687 3306 et
706 3254 739 3321 V,
759 3254 808 3307 sed
827 3270 896 3306 corr.
981 3251 1013 3306 τό
1030 3253 1117 3324 (alt.)]

107 3348 159 3386 om.
179 3328 241 3384 VR.
333 3332 356 3379 ὅ.
385 3325 415 3394 η]
444 3342 512 3378 eras.
532 3324 564 3377 V.
657 3331 697 3378 12.
727 3323 805 3394 ὥστε]
830 3341 874 3376 στε
892 3327 957 3392 post
975 3324 1029 3378 lae.
1051 3325 1118 3380 Vat.

143 3426 184 3473 13,
204 3417 240 3487 Δ]
260 3430 344 3484 supra
364 3429 414 3467 scr.
430 3412 494 3468 Vat.
561 3418 598 3483 τῷ
617 3414 684 3483 ΔΘ]
704 3413 740 3480 R,
760 3402 852 3466 τωύθ
866 3413 940 3480 vat„
963 3420 1002 3486 τῷ
1017 3403 1082 3483 W>
1101 3431 1117 3469 e

106 3507 173 3546 corr.
194 3506 229 3542 m.
249 3502 302 3540 rec.
323 3484 355 3538 V.
