2334 3788
100 107 166 172 192
310 109 520 162 οοοιοοοοοι
539 110 717 163 οωοιιοειο
735 109 903 163 mom

585 287 627 354 λ’.

164 414 287 479 Κύνου
318 414 442 478 κύκλον
472 415 604 497 ἔχοντος
635 414 697 497 τὴν
723 412 824 496 βύσιν
854 412 920 477 ὑπὸ
949 421 1011 477 τοῦ
1040 410 1116 490 ἐνὸς

99 521 242 603 ὄμματος
265 517 436 605 ὁρωμένου
460 523 600 585 ἔλασσον
621 518 805 604 ἡμικωνίου
828 517 1023 604 ὀφθήσεται.

165 628 247 690 έστω
276 626 339 712 χδιρ
368 626 479 690 κώνου
501 626 599 709 βάσις
621 627 755 710 κύκλος,
783 621 824 691 οὗ
846 623 986 711 κέντρον
1008 627 1048 691 τὸ
1073 630 1115 710 Κ,

65 730 154 796 ὁκαὶ
177 731 241 797 ἀπὸ
264 741 324 797 τοῦ
348 736 376 796 Β
405 734 548 816 ὄμματος
570 733 665 816 ἤχθω
694 730 748 797 ἐπὶ
770 733 807 797 τὸ
830 729 1012 818 κέντρονὴ
1036 737 1115 818 ΒΚ,

98 836 154 903 καί
181 839 238 903 διδ
265 847 325 902 τοῦ
350 841 385 901 Κ
413 839 495 924 πρὸς
522 839 630 924 ὀρθὰς
655 848 695 924 τῇ
721 843 787 903 ΚΒ
815 837 835 921 ἡ
859 843 940 924 NA,
971 836 1050 924 περὶ
1079 836 1116 904 δέ

98 946 160 1028 τὴν
183 948 249 1009 ΚΒ
272 946 393 1021 κύκλος
415 945 607 1032 χεχρύφθω,
630 944 686 1010 καί
709 945 958 1030 ἐπεζεύχθωσαν
980 947 1018 1010 αἱ
1039 950 1115 1030 ΒΖ,

70 1116 75 1124 ,
100 1054 174 1134 ΖΚ,
193 1055 266 1134 BA,
283 1054 364 1116 ΔΚ.
400 1049 525 1116 οὐκοῦν
548 1049 654 1138 ὀρθαί
673 1054 759 1117 είσιν
782 1053 820 1116 αἱ
836 1053 920 1137 πρὸς
937 1056 1008 1130 ’τοῖς
1027 1057 1068 1136 Ζ,
1083 1059 1116 1117 A

99 1160 231 1239 γωνίαι·
263 1155 342 1245 καθ’
367 1157 404 1222 ἐν
432 1158 496 1243 ὄρα
520 1157 722 1243 ἐφάπτονται
745 1159 782 1224 αι’
801 1163 875 1242 BA,
894 1163 971 1242 BZ,
999 1155 1058 1222 καὶ
1081 1159 1119 1223 αλ

48 1279 81 1327 10
99 1287 136 1346 χε
160 1262 224 1328 ιἰπὸ
247 1272 307 1328 τοῦ
331 1266 475 1348 ὄμματος
502 1264 631 1341 ἀκτῖνες
656 1269 923 1351 προσπίπτουσαι
949 1265 1032 1330 κατὰ
1057 1266 1116 1342 τὰς

99 1374 176 1452 BA,
201 1374 265 1434 ΒΖ
296 1380 486 1436 πεσοῦνται.
547 1374 637 1436 ἐσται
670 1373 711 1455 δὴ
744 1369 914 1459 δρώμενον
944 1372 982 1436 τὸ
1017 1377 1117 1436 ZPA

100 1479 240 1540 ἔλασσον
258 1476 298 1541 δν
316 1485 376 1541 τοῦ
390 1482 429 1542 Ν
429 1482 497 1542 PA.
530 1477 613 1543 ἀλλὰ
630 1479 668 1543 τὸ
682 1483 722 1543 Ν
722 1482 780 1543 PA
798 1478 994 1563 ἡμικύκλιύν
1008 1477 1115 1543 ἐστιν·

99 1583 136 1646 τὸ
160 1584 224 1668 ἄρα
248 1587 345 1648 ZPA
368 1586 507 1649 ἔλασσόν
531 1584 621 1649 ἐστιν
643 1583 850 1669 ἡμικυκλίου.
891 1585 974 1650 ὥστε
996 1583 1054 1649 καὶ
1078 1586 1116 1649 τὸ

100 1689 270 1775 δρώμενον
293 1698 353 1754 τοῦ
371 1691 481 1755 κώνου
506 1694 646 1756 ἔλασσόν
664 1690 754 1756 ἐστιν
772 1690 969 1776 ἡμικωνίου·
992 1691 1117 1775 ὁμοίως

48 1813 80 1861 15
99 1796 163 1881 χδιρ
186 1794 240 1861 καὶ
265 1794 317 1861 ἐπὶ
339 1808 408 1862 τῶν
426 1803 551 1862 λοιπῶν
569 1799 701 1863 κύκλων
724 1809 791 1863 τῶν
810 1798 846 1863 ἐν
864 1808 904 1883 τῇ
922 1806 982 1861 τοῦ
1002 1797 1116 1862 κώνου

100 1901 275 1990 ἐπιφανείᾳ
298 1901 455 1987 δείξομεν.

574 2061 637 2128 λα’.

171 2189 238 2249 Τοῦ
266 2183 302 2250 δὲ
326 2189 470 2271 ὄμματος
497 2191 609 2271 ἐχχιον
631 2186 866 2272 μετατεθέντος
893 2187 998 2275 ἐντῷ
1023 2189 1115 2276 αὐτῷ

100 2289 241 2378 ἐπιπέδῳ
270 2295 410 2358 ἔλασσον
437 2291 497 2377 μέν
525 2297 616 2358 ἐσται
643 2296 681 2359 τὸ
705 2293 771 2358 ὑπὸ
794 2305 861 2359 τῶν
884 2296 994 2373 ὄψεων
1022 2316 1115 2381 περι-

47 2412 82 2462 20
100 2400 350 2481 λαμβανόμενον
372 2398 480 2485 μέρος,
504 2399 592 2477 δόξει
615 2397 652 2464 δέ
675 2405 785 2485 μεῖζον
808 2400 964 2486 δρᾶσθαι.

166 2506 249 2568 έστω
277 2506 340 2591 γὰρ
367 2507 479 2570 κώνου
506 2507 602 2588 βύσις
628 2509 762 2592 κύκλος,
795 2504 836 2572 οὗ
863 2506 1002 2593 κέντρον
1030 2510 1113 2572 ἐστω

100 2611 137 2673 τὸ
160 2613 206 2693 Κ,
230 2608 317 2694 ὄμμα
340 2608 378 2675 δέ
400 2614 482 2676 έστω
504 2614 542 2677 τὸ
566 2619 612 2696 Α,
639 2612 694 2678 καὶ
718 2614 782 2679 ἀπὸ
805 2623 865 2679 τοῦ
888 2620 920 2678 A
943 2611 997 2678 ἐπί
1019 2615 1057 2678 τὸ
1082 2618 1117 2678 Κ

100 2715 283 2800 ἐπεζεύχθω
302 2717 416 2801 ἡΑΚ,
434 2717 585 2805 καὶπρὸς
599 2720 706 2807 ὀρθδις
724 2721 808 2806 αὐτῇ
825 2722 920 2804 ἤχθω
936 2721 992 2785 διὰ
1005 2729 1067 2784 τοῦ
1082 2724 1118 2784 Κ

99 2822 120 2906 ἡ
145 2826 252 2906 ΓΚΒ,
276 2825 458 2911 χεχρύφθω
481 2823 519 2890 δέ
541 2824 615 2914 περὶ
638 2829 699 2911 τὴν
723 2831 795 2891 ΑΚ
815 2828 944 2911 κύκλος,
966 2826 1024 2892 καὶ
1042 2825 1115 2892 ἐπε-

47 2945 81 2995 25
101 2933 293 3014 ζεύχθωσαν
325 2934 362 2996 αλ
387 2938 419 2996 A
426 2937 467 3015 Z,
493 2937 571 3017 ΖΚ,
595 2939 678 3017 AA,
702 2938 781 2999 ΛΚ.
832 2937 1037 3018 μετακείσθω
1071 2937 1113 3020 δὴ

171 3113 196 3162 8.
215 3108 252 3178 A]
271 3112 297 3162 A
316 3107 353 3169 ὡς
370 3107 524 3176 ἡμικύκλου
544 3126 569 3162 v.
643 3114 667 3164 9.
689 3109 750 3180 ΒΖ]
771 3125 839 3163 corr.
860 3125 894 3161 ex
913 3109 1113 3163 AZm.1V.

136 3184 177 3232 10.
197 3178 265 3232 Post
283 3186 332 3233 τοῦ
351 3178 503 3233 ἰοεΒιο.
523 3195 577 3233 rec.
596 3179 630 3235 V.
717 3186 758 3234 11.
782 3182 875 3251 ZPA]
899 3184 994 3234 ZAv.
1070 3186 1112 3235 12.

101 3253 133 3303 N
138 3254 186 3303 ΡΛ
201 3249 283 3321 μελίη]
305 3252 338 3303 Ν
352 3251 452 3318 postea
470 3248 521 3304 ine.
541 3251 575 3304 V.
657 3250 714 3304 ἐστι
732 3251 788 3319 Vp.
872 3257 914 3304 13.
933 3248 1112 3322 ἡμικυκλίου]

99 3338 139 3389 pr.
160 3342 176 3374 κ
195 3320 225 3373 in
243 3338 297 3376 ras.
317 3321 350 3375 V.
424 3324 465 3374 15.
485 3319 516 3376 ἐν
534 3322 579 3393 τῇ]
599 3320 629 3374 in
647 3338 702 3376 ras.
721 3340 757 3376 m.
779 3327 793 3374 1
812 3321 846 3376 V.
925 3327 967 3376 18.
988 3320 1035 3393 δέ]
1056 3323 1111 3377 del.

100 3409 135 3444 m.
155 3407 209 3446 rec.
227 3392 262 3447 V.
336 3390 443 3460 ἔγγειον
461 3391 494 3459 V,
520 3392 569 3445 sed
588 3409 656 3448 corr.
676 3411 711 3448 m.
732 3409 785 3447 ree.
863 3398 905 3446 22.
927 3390 988 3464 ἐπί]
1007 3393 1038 3445 in
1056 3411 1111 3449 ras.

100 3479 136 3515 m.
157 3467 171 3515 1
190 3463 223 3516 V.
298 3467 340 3517 23.
361 3461 514 3533 ἐπιζεύχθω
533 3464 566 3532 V,
587 3464 636 3517 sed
655 3480 723 3519 corr.
797 3469 839 3518 24.
861 3465 954 3534 ΓΚΒ]
975 3469 1058 3518 ΚΓΒ
1078 3466 1113 3520 V.
