<?xml version="1.0" encoding="UTF-8"?>
<!DOCTYPE html PUBLIC "-//W3C//DTD XHTML 1.0 Transitional//EN"
    "http://www.w3.org/TR/xhtml1/DTD/xhtml1-transitional.dtd">
<html xmlns="http://www.w3.org/1999/xhtml" xml:lang="en" lang="en">
 <head>
  <title>
</title>
<meta http-equiv="Content-Type" content="text/html;charset=utf-8" />
  <meta name='ocr-system' content='tesseract 3.04.00' />
  <meta name='ocr-capabilities' content='ocr_page ocr_carea ocr_par ocr_line ocrx_word'/>
</head>
<body>
  <div class='ocr_page' id='page_1' title='image "./euclidisoperaom13unkngoog_0349.png"; bbox 0 0 2334 3788; ppageno 0'>
   <div class='ocr_carea' id='block_1_1' title="bbox 112 111 691 174">
    <p class='ocr_par' dir='ltr' id='par_1_1' title="bbox 112 111 691 174">
     <span class='ocr_line' id='line_1_1' title="bbox 112 111 691 174; baseline -0.003 -10"><span class='ocrx_word' id='word_1_1' title='bbox 112 111 177 174; x_wconf 74' lang='grc'><strong><em>266</em></strong></span> <span class='ocrx_word' id='word_1_2' title='bbox 535 112 691 164; x_wconf 82' lang='lat' dir='ltr'>SCHOLIA</span> 
     </span>
    </p>
   </div>
   <div class='ocr_carea' id='block_1_2' title="bbox 55 253 1127 2890">
    <p class='ocr_par' dir='ltr' id='par_1_2' title="bbox 55 253 1127 2890">
     <span class='ocr_line' id='line_1_2' title="bbox 111 253 1123 342; baseline 0 -22"><span class='ocrx_word' id='word_1_3' title='bbox 111 262 230 321; x_wconf 89' lang='grc' dir='ltr'><strong><em>νεσθαι</em></strong></span> <span class='ocrx_word' id='word_1_4' title='bbox 253 254 308 321; x_wconf 83' lang='grc' dir='ltr'><strong><em>καὶ</em></strong></span> <span class='ocrx_word' id='word_1_5' title='bbox 331 258 461 340; x_wconf 80' lang='grc' dir='ltr'><strong><em>μείζονα</em></strong></span> <span class='ocrx_word' id='word_1_6' title='bbox 484 256 546 339; x_wconf 77' lang='grc' dir='ltr'><strong><em>τὴν</em></strong></span> <span class='ocrx_word' id='word_1_7' title='bbox 568 253 766 341; x_wconf 80' lang='grc' dir='ltr'><strong><em>πορρωτέρω</em></strong></span> <span class='ocrx_word' id='word_1_8' title='bbox 789 255 926 320; x_wconf 82' lang='grc' dir='ltr'><strong><em>εὐθεῖαν</em></strong></span> <span class='ocrx_word' id='word_1_9' title='bbox 949 256 1043 342; x_wconf 77' lang='grc' dir='ltr'><strong><em>παρὰ</em></strong></span> <span class='ocrx_word' id='word_1_10' title='bbox 1063 257 1123 340; x_wconf 82' lang='grc' dir='ltr'><strong><em>τὴν</em></strong></span> 
     </span>
     <span class='ocr_line' id='line_1_3' title="bbox 112 361 1122 448; baseline 0 -21"><span class='ocrx_word' id='word_1_11' title='bbox 112 361 241 447; x_wconf 79' lang='grc' dir='ltr'><strong><em>ἐφεξῆς,</em></strong></span> <span class='ocrx_word' id='word_1_12' title='bbox 274 362 389 428; x_wconf 83' lang='grc' dir='ltr'><strong><em>εὐθεῖα</em></strong></span> <span class='ocrx_word' id='word_1_13' title='bbox 412 362 469 426; x_wconf 89' lang='grc' dir='ltr'><strong><em>διδι</em></strong></span> <span class='ocrx_word' id='word_1_14' title='bbox 495 370 594 425; x_wconf 84' lang='grc' dir='ltr'><strong><em>τοῦτο</em></strong></span> <span class='ocrx_word' id='word_1_15' title='bbox 622 361 642 445; x_wconf 82' lang='grc' dir='ltr'><strong><em>ἡ</em></strong></span> <span class='ocrx_word' id='word_1_16' title='bbox 671 364 773 425; x_wconf 89' lang='grc' dir='ltr'><strong><em>ΒΖΓ</em></strong></span> <span class='ocrx_word' id='word_1_17' title='bbox 799 362 998 446; x_wconf 80' lang='grc' dir='ltr'><strong><em>φαντάζεται</em></strong></span> <span class='ocrx_word' id='word_1_18' title='bbox 1031 383 1122 448; x_wconf 84' lang='grc' dir='ltr'><strong><em>περι-</em></strong></span> 
     </span>
     <span class='ocr_line' id='line_1_4' title="bbox 112 468 236 555; baseline 0 -22"><span class='ocrx_word' id='word_1_19' title='bbox 112 468 236 555; x_wconf 91' lang='grc' dir='ltr'><strong><em>φέρεια.</em></strong></span> 
     </span>
     <span class='ocr_line' id='line_1_5' title="bbox 178 571 1123 658; baseline 0.002 -21"><span class='ocrx_word' id='word_1_20' title='bbox 178 576 323 640; x_wconf 90' lang='grc' dir='ltr'><strong><em>δυνατὸν</em></strong></span> <span class='ocrx_word' id='word_1_21' title='bbox 350 571 387 638; x_wconf 69' lang='grc' dir='ltr'><strong><em>δὲ</em></strong></span> <span class='ocrx_word' id='word_1_22' title='bbox 414 583 512 638; x_wconf 86' lang='grc' dir='ltr'><strong><em>τοῦτο</em></strong></span> <span class='ocrx_word' id='word_1_23' title='bbox 540 575 738 639; x_wconf 73' lang='grc' dir='ltr'><strong><em>δείκνυσθαι</em></strong></span> <span class='ocrx_word' id='word_1_24' title='bbox 765 572 820 639; x_wconf 81' lang='grc' dir='ltr'><strong><em>καὶ</em></strong></span> <span class='ocrx_word' id='word_1_25' title='bbox 848 573 901 639; x_wconf 79' lang='grc' dir='ltr'><strong><em>ἐπὶ</em></strong></span> <span class='ocrx_word' id='word_1_26' title='bbox 927 583 986 658; x_wconf 83' lang='grc' dir='ltr'><strong><em>τῆς</em></strong></span> <span class='ocrx_word' id='word_1_27' title='bbox 1010 577 1123 657; x_wconf 80' lang='grc' dir='ltr'><strong><em>κοίλης</em></strong></span> 
     </span>
     <span class='ocr_line' id='line_1_6' title="bbox 77 678 1122 768; baseline -0.001 -23"><span class='ocrx_word' id='word_1_28' title='bbox 77 685 328 768; x_wconf 77' lang='grc' dir='ltr'><strong><em>σπεριφερείας.</em></strong></span> <span class='ocrx_word' id='word_1_29' title='bbox 383 683 414 745; x_wconf 88' lang='grc' dir='ltr'><strong><em>εί</em></strong></span> <span class='ocrx_word' id='word_1_30' title='bbox 440 683 502 768; x_wconf 84' lang='grc' dir='ltr'><strong><em>γδιρ</em></strong></span> <span class='ocrx_word' id='word_1_31' title='bbox 535 681 572 745; x_wconf 92' lang='grc' dir='ltr'><strong><em>τὸ</em></strong></span> <span class='ocrx_word' id='word_1_32' title='bbox 600 683 635 744; x_wconf 89' lang='grc' dir='ltr'><em>Κ</em></span> <span class='ocrx_word' id='word_1_33' title='bbox 663 680 842 764; x_wconf 84' lang='grc' dir='ltr'><strong><em>ὑποτεθείη</em></strong></span> <span class='ocrx_word' id='word_1_34' title='bbox 875 681 912 745; x_wconf 89' lang='grc' dir='ltr'><strong><em>τὸ</em></strong></span> <span class='ocrx_word' id='word_1_35' title='bbox 945 679 1036 765; x_wconf 93' lang='grc' dir='ltr'><strong><em>ὄμμα</em></strong></span> <span class='ocrx_word' id='word_1_36' title='bbox 1068 678 1122 745; x_wconf 81' lang='grc' dir='ltr'><strong><em>καὶ</em></strong></span> 
     </span>
     <span class='ocr_line' id='line_1_7' title="bbox 111 786 1120 873; baseline 0.002 -23"><span class='ocrx_word' id='word_1_37' title='bbox 111 799 246 870; x_wconf 83' lang='grc' dir='ltr'><strong><em>σημεῖον</em></strong></span> <span class='ocrx_word' id='word_1_38' title='bbox 264 789 365 871; x_wconf 82' lang='grc' dir='ltr'><strong><em>τυχὸν</em></strong></span> <span class='ocrx_word' id='word_1_39' title='bbox 383 789 420 852; x_wconf 88' lang='grc' dir='ltr'><strong><em>τὸ</em></strong></span> <span class='ocrx_word' id='word_1_40' title='bbox 435 794 467 852; x_wconf 90' lang='grc' dir='ltr'><em>Α</em></span> <span class='ocrx_word' id='word_1_41' title='bbox 486 786 578 863; x_wconf 87' lang='grc' dir='ltr'><strong><em>έκτὸς</em></strong></span> <span class='ocrx_word' id='word_1_42' title='bbox 599 795 658 870; x_wconf 76' lang='grc' dir='ltr'><strong><em>τῆς</em></strong></span> <span class='ocrx_word' id='word_1_43' title='bbox 674 796 735 851; x_wconf 88' lang='grc' dir='ltr'><strong><em>τοῦ</em></strong></span> <span class='ocrx_word' id='word_1_44' title='bbox 754 788 878 852; x_wconf 89' lang='grc' dir='ltr'><strong><em>κύκλον</em></strong></span> <span class='ocrx_word' id='word_1_45' title='bbox 896 790 1120 873; x_wconf 78' lang='grc' dir='ltr'><strong><em>περιφερείας,</em></strong></span> 
     </span>
     <span class='ocr_line' id='line_1_8' title="bbox 111 887 1121 980; baseline 0.001 -24"><span class='ocrx_word' id='word_1_46' title='bbox 111 887 180 957; x_wconf 78' lang='grc' dir='ltr'><strong><em>εἶτα</em></strong></span> <span class='ocrx_word' id='word_1_47' title='bbox 213 892 276 958; x_wconf 83' lang='grc' dir='ltr'><strong><em>ἀπὸ</em></strong></span> <span class='ocrx_word' id='word_1_48' title='bbox 306 903 366 958; x_wconf 87' lang='grc' dir='ltr'><strong><em>τοῦ</em></strong></span> <span class='ocrx_word' id='word_1_49' title='bbox 393 901 426 959; x_wconf 89' lang='lat' dir='ltr'><em>A</em></span> <span class='ocrx_word' id='word_1_50' title='bbox 457 894 540 979; x_wconf 85' lang='grc' dir='ltr'><strong><em>πρὸς</em></strong></span> <span class='ocrx_word' id='word_1_51' title='bbox 571 895 632 976; x_wconf 79' lang='grc' dir='ltr'><strong><em>τὴν</em></strong></span> <span class='ocrx_word' id='word_1_52' title='bbox 659 895 784 979; x_wconf 84' lang='grc' dir='ltr'><strong><em>κυρτὴν</em></strong></span> <span class='ocrx_word' id='word_1_53' title='bbox 813 891 1030 980; x_wconf 88' lang='grc' dir='ltr'><strong><em>περιφέρειαν</em></strong></span> <span class='ocrx_word' id='word_1_54' title='bbox 1061 901 1121 957; x_wconf 88' lang='grc' dir='ltr'><strong><em>τοῦ</em></strong></span> 
     </span>
     <span class='ocr_line' id='line_1_9' title="bbox 110 1000 1126 1084; baseline 0.001 -21"><span class='ocrx_word' id='word_1_55' title='bbox 110 1001 233 1064; x_wconf 87' lang='grc' dir='ltr'><strong><em>κύκλου</em></strong></span> <span class='ocrx_word' id='word_1_56' title='bbox 258 1000 387 1065; x_wconf 81' lang='grc' dir='ltr'><strong><em>εὐθεῖαι</em></strong></span> <span class='ocrx_word' id='word_1_57' title='bbox 410 1001 447 1064; x_wconf 67' lang='grc' dir='ltr'><strong><em>αι’</em></strong></span> <span class='ocrx_word' id='word_1_58' title='bbox 467 1004 549 1083; x_wconf 92' lang='grc' dir='ltr'>ΑΒ,</span> <span class='ocrx_word' id='word_1_59' title='bbox 568 1006 644 1083; x_wconf 89' lang='grc' dir='ltr'><strong><em>ΑΛ,</em></strong></span> <span class='ocrx_word' id='word_1_60' title='bbox 662 1005 743 1084; x_wconf 86' lang='grc' dir='ltr'><strong><em>ΛΕ,</em></strong></span> <span class='ocrx_word' id='word_1_61' title='bbox 762 1005 838 1083; x_wconf 91' lang='grc' dir='ltr'><strong><em>ΑΖ,</em></strong></span> <span class='ocrx_word' id='word_1_62' title='bbox 856 1004 938 1083; x_wconf 88' lang='grc' dir='ltr'><strong><em>ΑΗ,</em></strong></span> <span class='ocrx_word' id='word_1_63' title='bbox 957 1006 990 1064; x_wconf 89' lang='grc' dir='ltr'><em>Α</em></span> <span class='ocrx_word' id='word_1_64' title='bbox 998 1005 1038 1083; x_wconf 84' lang='grc' dir='ltr'><strong><em>Θ,</em></strong></span> <span class='ocrx_word' id='word_1_65' title='bbox 1057 1002 1126 1064; x_wconf 88' lang='grc' dir='ltr'><strong><em>ΑΓ</em></strong></span> 
     </span>
     <span class='ocr_line' id='line_1_10' title="bbox 109 1103 1122 1190; baseline 0.002 -21"><span class='ocrx_word' id='word_1_66' title='bbox 109 1103 165 1169; x_wconf 81' lang='grc' dir='ltr'><strong><em>καὶ</em></strong></span> <span class='ocrx_word' id='word_1_67' title='bbox 188 1105 317 1182; x_wconf 78' lang='grc' dir='ltr'><strong><em>ἀκτῖνες</em></strong></span> <span class='ocrx_word' id='word_1_68' title='bbox 344 1106 407 1171; x_wconf 82' lang='grc' dir='ltr'><strong><em>ἀπὸ</em></strong></span> <span class='ocrx_word' id='word_1_69' title='bbox 431 1116 490 1171; x_wconf 86' lang='grc' dir='ltr'><strong><em>τοῦ</em></strong></span> <span class='ocrx_word' id='word_1_70' title='bbox 514 1110 549 1170; x_wconf 90' lang='grc' dir='ltr'><strong><em>Κ</em></strong></span> <span class='ocrx_word' id='word_1_71' title='bbox 573 1105 717 1190; x_wconf 76' lang='grc' dir='ltr'><strong><em>ὄμματος</em></strong></span> <span class='ocrx_word' id='word_1_72' title='bbox 745 1105 797 1171; x_wconf 80' lang='grc' dir='ltr'><strong><em>ἐπὶ</em></strong></span> <span class='ocrx_word' id='word_1_73' title='bbox 824 1108 865 1171; x_wconf 83' lang='grc' dir='ltr'><strong><em>τὰ</em></strong></span> <span class='ocrx_word' id='word_1_74' title='bbox 887 1111 931 1190; x_wconf 99' lang='grc' dir='ltr'>Β,</span> <span class='ocrx_word' id='word_1_75' title='bbox 950 1112 998 1190; x_wconf 89' lang='grc' dir='ltr'><strong><em>Δ,</em></strong></span> <span class='ocrx_word' id='word_1_76' title='bbox 1018 1111 1064 1190; x_wconf 88' lang='grc' dir='ltr'><strong><em>Ε,</em></strong></span> <span class='ocrx_word' id='word_1_77' title='bbox 1085 1111 1122 1190; x_wconf 96' lang='grc' dir='ltr'><strong><em>Ζ,</em></strong></span> 
     </span>
     <span class='ocr_line' id='line_1_11' title="bbox 61 1208 1122 1299; baseline 0.001 -23"><span class='ocrx_word' id='word_1_78' title='bbox 61 1228 92 1277; x_wconf 85' lang='grc'><strong><em>10</em></strong></span> <span class='ocrx_word' id='word_1_79' title='bbox 111 1216 160 1294; x_wconf 92' lang='grc' dir='ltr'><strong><em>Η,</em></strong></span> <span class='ocrx_word' id='word_1_80' title='bbox 186 1217 228 1295; x_wconf 82' lang='grc' dir='ltr'><strong><em>Θ,</em></strong></span> <span class='ocrx_word' id='word_1_81' title='bbox 253 1215 285 1276; x_wconf 94' lang='grc' dir='ltr'><strong><em>Γ</em></strong></span> <span class='ocrx_word' id='word_1_82' title='bbox 312 1225 442 1297; x_wconf 79' lang='grc' dir='ltr'><strong><em>σημεῖα,</em></strong></span> <span class='ocrx_word' id='word_1_83' title='bbox 474 1224 541 1277; x_wconf 84' lang='grc' dir='ltr'><strong><em>τῶν</em></strong></span> <span class='ocrx_word' id='word_1_84' title='bbox 573 1215 656 1298; x_wconf 90' lang='grc' dir='ltr'><strong><em>πρὸς</em></strong></span> <span class='ocrx_word' id='word_1_85' title='bbox 687 1215 749 1296; x_wconf 84' lang='grc' dir='ltr'><strong><em>τὴν</em></strong></span> <span class='ocrx_word' id='word_1_86' title='bbox 777 1214 903 1299; x_wconf 80' lang='grc' dir='ltr'><strong><em>κυρτὴν</em></strong></span> <span class='ocrx_word' id='word_1_87' title='bbox 934 1208 997 1278; x_wconf 81' lang='grc' dir='ltr'><strong><em>οὖν</em></strong></span> <span class='ocrx_word' id='word_1_88' title='bbox 1030 1234 1122 1298; x_wconf 90' lang='grc' dir='ltr'><strong><em>περι-</em></strong></span> 
     </span>
     <span class='ocr_line' id='line_1_12' title="bbox 110 1317 1122 1405; baseline 0 -23"><span class='ocrx_word' id='word_1_89' title='bbox 110 1318 246 1403; x_wconf 88' lang='grc' dir='ltr'><strong><em>φέρειαν</em></strong></span> <span class='ocrx_word' id='word_1_90' title='bbox 277 1331 556 1405; x_wconf 79' lang='grc' dir='ltr'><strong><em>προσπιπτουσῶν</em></strong></span> <span class='ocrx_word' id='word_1_91' title='bbox 588 1319 731 1384; x_wconf 83' lang='grc' dir='ltr'><strong><em>εὐθειῶν</em></strong></span> <span class='ocrx_word' id='word_1_92' title='bbox 763 1318 913 1403; x_wconf 81' lang='grc' dir='ltr'><strong><em>ἐλαχίστη</em></strong></span> <span class='ocrx_word' id='word_1_93' title='bbox 950 1317 1006 1383; x_wconf 82' lang='grc' dir='ltr'><strong><em>καὶ</em></strong></span> <span class='ocrx_word' id='word_1_94' title='bbox 1039 1319 1122 1383; x_wconf 78' lang='grc' dir='ltr'><strong><em>κατὰ</em></strong></span> 
     </span>
     <span class='ocr_line' id='line_1_13' title="bbox 110 1423 1122 1510; baseline 0.001 -22"><span class='ocrx_word' id='word_1_95' title='bbox 110 1429 296 1507; x_wconf 87' lang='grc' dir='ltr'><strong><em>φαντασίαν</em></strong></span> <span class='ocrx_word' id='word_1_96' title='bbox 329 1426 374 1500; x_wconf 81' lang='grc' dir='ltr'><strong><em>ὡς</em></strong></span> <span class='ocrx_word' id='word_1_97' title='bbox 404 1423 459 1489; x_wconf 81' lang='grc' dir='ltr'><strong><em>καὶ</em></strong></span> <span class='ocrx_word' id='word_1_98' title='bbox 490 1428 572 1490; x_wconf 81' lang='grc' dir='ltr'><strong><em>κατὰ</em></strong></span> <span class='ocrx_word' id='word_1_99' title='bbox 604 1424 765 1509; x_wconf 79' lang='grc' dir='ltr'><strong><em>ἀληθειαν</em></strong></span> <span class='ocrx_word' id='word_1_100' title='bbox 797 1425 817 1510; x_wconf 81' lang='grc' dir='ltr'><em>ἡ</em></span> <span class='ocrx_word' id='word_1_101' title='bbox 845 1424 964 1509; x_wconf 81' lang='grc' dir='ltr'><strong><em>μεταξὺ</em></strong></span> <span class='ocrx_word' id='word_1_102' title='bbox 997 1435 1060 1489; x_wconf 86' lang='grc' dir='ltr'><strong><em>τοῦ</em></strong></span> <span class='ocrx_word' id='word_1_103' title='bbox 1087 1448 1122 1490; x_wconf 89' lang='grc' dir='ltr'><strong><em>τε</em></strong></span> 
     </span>
     <span class='ocr_line' id='line_1_14' title="bbox 110 1528 1122 1617; baseline 0.003 -23"><span class='ocrx_word' id='word_1_104' title='bbox 110 1534 246 1615; x_wconf 85' lang='grc' dir='ltr'><strong><em>σημείου</em></strong></span> <span class='ocrx_word' id='word_1_105' title='bbox 269 1530 325 1596; x_wconf 85' lang='grc' dir='ltr'><strong><em>καὶ</em></strong></span> <span class='ocrx_word' id='word_1_106' title='bbox 348 1541 405 1614; x_wconf 79' lang='grc' dir='ltr'><strong><em>τῆς</em></strong></span> <span class='ocrx_word' id='word_1_107' title='bbox 428 1530 605 1617; x_wconf 80' lang='grc' dir='ltr'><strong><em>διαμέτρου</em></strong></span> <span class='ocrx_word' id='word_1_108' title='bbox 629 1529 840 1617; x_wconf 79' lang='grc' dir='ltr'><strong><em>δραθήσεται,</em></strong></span> <span class='ocrx_word' id='word_1_109' title='bbox 862 1542 930 1597; x_wconf 87' lang='grc' dir='ltr'><strong><em>τῶν</em></strong></span> <span class='ocrx_word' id='word_1_110' title='bbox 952 1528 989 1595; x_wconf 72' lang='grc' dir='ltr'><strong><em>δέ</em></strong></span> <span class='ocrx_word' id='word_1_111' title='bbox 1009 1533 1122 1597; x_wconf 86' lang='grc' dir='ltr'><strong><em>ὄλλων</em></strong></span> 
     </span>
     <span class='ocr_line' id='line_1_15' title="bbox 110 1634 1122 1723; baseline 0.004 -25"><span class='ocrx_word' id='word_1_112' title='bbox 110 1634 161 1699; x_wconf 84' lang='grc' dir='ltr'><strong><em>ἀεὶ</em></strong></span> <span class='ocrx_word' id='word_1_113' title='bbox 192 1637 212 1720; x_wconf 79' lang='grc' dir='ltr'><em>ἡ</em></span> <span class='ocrx_word' id='word_1_114' title='bbox 244 1640 355 1720; x_wconf 78' lang='grc' dir='ltr'><strong><em>ἔγγιον</em></strong></span> <span class='ocrx_word' id='word_1_115' title='bbox 387 1646 444 1721; x_wconf 81' lang='grc' dir='ltr'><strong><em>τῆς</em></strong></span> <span class='ocrx_word' id='word_1_116' title='bbox 477 1638 647 1721; x_wconf 81' lang='grc' dir='ltr'><strong><em>ἐλαχίστης</em></strong></span> <span class='ocrx_word' id='word_1_117' title='bbox 682 1646 741 1722; x_wconf 78' lang='grc' dir='ltr'><strong><em>τῆς</em></strong></span> <span class='ocrx_word' id='word_1_118' title='bbox 772 1638 941 1723; x_wconf 83' lang='grc' dir='ltr'><strong><em>ἀπώτερον</em></strong></span> <span class='ocrx_word' id='word_1_119' title='bbox 974 1635 1122 1702; x_wconf 79' lang='grc' dir='ltr'><strong><em>ἐλάττων</em></strong></span> 
     </span>
     <span class='ocr_line' id='line_1_16' title="bbox 58 1740 1127 1872; baseline 0.004 -68"><span class='ocrx_word' id='word_1_120' title='bbox 58 1758 90 1806; x_wconf 86' lang='lat'><strong><em>15</em></strong></span> <span class='ocrx_word' id='word_1_121' title='bbox 110 1740 240 1827; x_wconf 86' lang='grc' dir='ltr'><strong><em>ὁρᾶται,</em></strong></span> <span class='ocrx_word' id='word_1_122' title='bbox 273 1743 290 1807; x_wconf 91' lang='grc' dir='ltr'><strong>ὃ</strong></span> <span class='ocrx_word' id='word_1_123' title='bbox 319 1745 359 1826; x_wconf 81' lang='grc' dir='ltr'><strong><em>δη</em></strong></span> <span class='ocrx_word' id='word_1_124' title='bbox 389 1747 573 1827; x_wconf 81' lang='grc' dir='ltr'><strong><em>συμβαῖνον</em></strong></span> <span class='ocrx_word' id='word_1_125' title='bbox 602 1741 732 1829; x_wconf 83' lang='grc' dir='ltr'><strong><em>δρᾶται,</em></strong></span> <span class='ocrx_word' id='word_1_126' title='bbox 764 1742 819 1808; x_wconf 80' lang='grc' dir='ltr'><strong><em>καὶ</em></strong></span> <span class='ocrx_word' id='word_1_127' title='bbox 851 1750 939 1828; x_wconf 77' lang='grc' dir='ltr'><strong><em>εἴπερ</em></strong></span> <span class='ocrx_word' id='word_1_128' title='bbox 972 1742 992 1872; x_wconf 72' lang='grc' dir='ltr'><strong><em>η</em></strong></span> <span class='ocrx_word' id='word_1_129' title='bbox 1023 1747 1127 1808; x_wconf 89' lang='grc' dir='ltr'><strong><em>ΒΖΓ</em></strong></span> 
     </span>
     <span class='ocr_line' id='line_1_17' title="bbox 108 1847 1122 1936; baseline 0.003 -24"><span class='ocrx_word' id='word_1_130' title='bbox 108 1848 300 1936; x_wconf 81' lang='grc' dir='ltr'><strong><em>περιφέρεια</em></strong></span> <span class='ocrx_word' id='word_1_131' title='bbox 327 1851 442 1915; x_wconf 87' lang='grc' dir='ltr'><strong><em>εὐθεια</em></strong></span> <span class='ocrx_word' id='word_1_132' title='bbox 474 1851 652 1934; x_wconf 85' lang='grc' dir='ltr'><strong><em>ὑποτεθείη</em></strong></span> <span class='ocrx_word' id='word_1_133' title='bbox 684 1847 740 1914; x_wconf 80' lang='grc' dir='ltr'><strong><em>καὶ</em></strong></span> <span class='ocrx_word' id='word_1_134' title='bbox 771 1850 911 1926; x_wconf 85' lang='grc' dir='ltr'><strong><em>κάθετος</em></strong></span> <span class='ocrx_word' id='word_1_135' title='bbox 937 1847 988 1913; x_wconf 83' lang='grc' dir='ltr'><strong><em>ἐπ’</em></strong></span> <span class='ocrx_word' id='word_1_136' title='bbox 1015 1851 1122 1934; x_wconf 77' lang='grc' dir='ltr'><strong><em>αὐτὴν</em></strong></span> 
     </span>
     <span class='ocr_line' id='line_1_18' title="bbox 109 1955 1122 2064; baseline 0.001 -44"><span class='ocrx_word' id='word_1_137' title='bbox 109 1955 128 2037; x_wconf 92' lang='grc' dir='ltr'><strong><em>η</em></strong></span> <span class='ocrx_word' id='word_1_138' title='bbox 152 1962 185 2020; x_wconf 92' lang='grc' dir='ltr'><em>Α</em></span> <span class='ocrx_word' id='word_1_139' title='bbox 192 1961 232 2020; x_wconf 99' lang='grc' dir='ltr'>Ζ</span> <span class='ocrx_word' id='word_1_140' title='bbox 266 1958 347 2022; x_wconf 85' lang='grc' dir='ltr'><strong><em>ὄθεν</em></strong></span> <span class='ocrx_word' id='word_1_141' title='bbox 375 1958 431 2021; x_wconf 81' lang='grc' dir='ltr'><strong><em>διὰ</em></strong></span> <span class='ocrx_word' id='word_1_142' title='bbox 458 1966 556 2021; x_wconf 87' lang='grc' dir='ltr'><strong><em>τοῦτο</em></strong></span> <span class='ocrx_word' id='word_1_143' title='bbox 583 1955 639 2021; x_wconf 79' lang='grc' dir='ltr'><strong><em>καὶ</em></strong></span> <span class='ocrx_word' id='word_1_144' title='bbox 662 1960 849 2064; x_wconf 86' lang='grc' dir='ltr'><strong><em>φαντασίαν</em></strong></span> <span class='ocrx_word' id='word_1_145' title='bbox 876 1956 1011 2032; x_wconf 76' lang='grc' dir='ltr'><strong><em>εὐθείας</em></strong></span> <span class='ocrx_word' id='word_1_146' title='bbox 1040 1956 1122 2021; x_wconf 87' lang='grc' dir='ltr'><strong><em>ιἰπο-</em></strong></span> 
     </span>
     <span class='ocr_line' id='line_1_19' title="bbox 109 2052 1122 2149; baseline 0.001 -23"><span class='ocrx_word' id='word_1_147' title='bbox 109 2062 253 2126; x_wconf 82' lang='grc' dir='ltr'><strong><em>στελεί</em></strong></span> <span class='ocrx_word' id='word_1_148' title='bbox 236 2087 255 2145; x_wconf 93' lang='grc' dir='ltr'><strong><em>η</em></strong></span> <span class='ocrx_word' id='word_1_149' title='bbox 279 2062 480 2149; x_wconf 82' lang='grc' dir='ltr'><strong><em>περιφέρεια,</em></strong></span> <span class='ocrx_word' id='word_1_150' title='bbox 503 2062 559 2128; x_wconf 85' lang='grc' dir='ltr'><strong><em>καὶ</em></strong></span> <span class='ocrx_word' id='word_1_151' title='bbox 577 2064 717 2147; x_wconf 84' lang='grc' dir='ltr'><strong><em>μαλιστα</em></strong></span> <span class='ocrx_word' id='word_1_152' title='bbox 730 2052 804 2126; x_wconf 69' lang='grc' dir='ltr'><strong><em>εἶ’</em></strong></span> <span class='ocrx_word' id='word_1_153' title='bbox 787 2061 850 2127; x_wconf 87' lang='grc' dir='ltr'><strong><em>απὸ</em></strong></span> <span class='ocrx_word' id='word_1_154' title='bbox 869 2066 1023 2139; x_wconf 89' lang='grc' dir='ltr'><strong><em>πλείονος</em></strong></span> <span class='ocrx_word' id='word_1_155' title='bbox 1042 2066 1122 2148; x_wconf 92' lang='grc' dir='ltr'><strong><em>φαί-</em></strong></span> 
     </span>
     <span class='ocr_line' id='line_1_20' title="bbox 108 2170 1121 2254; baseline 0.003 -22"><span class='ocrx_word' id='word_1_156' title='bbox 108 2193 199 2233; x_wconf 91' lang='grc' dir='ltr'><strong><em>νοιτο</em></strong></span> <span class='ocrx_word' id='word_1_157' title='bbox 223 2170 490 2254; x_wconf 74' lang='grc' dir='ltr'><strong><em>διαστήματος,</em></strong></span> <span class='ocrx_word' id='word_1_158' title='bbox 475 2172 556 2234; x_wconf 77' lang='grc' dir='ltr'><strong><em>ὥστε</em></strong></span> <span class='ocrx_word' id='word_1_159' title='bbox 579 2172 623 2253; x_wconf 78' lang='grc' dir='ltr'><strong><em>μὴ</em></strong></span> <span class='ocrx_word' id='word_1_160' title='bbox 647 2170 935 2234; x_wconf 76' lang='grc' dir='ltr'><strong><em>συναισθάνεσθαι</em></strong></span> <span class='ocrx_word' id='word_1_161' title='bbox 953 2170 1040 2253; x_wconf 77' lang='grc' dir='ltr'><strong><em>ἡμᾶς</em></strong></span> <span class='ocrx_word' id='word_1_162' title='bbox 1062 2195 1121 2254; x_wconf 88' lang='grc' dir='ltr'><strong><em>της</em></strong></span> 
     </span>
     <span class='ocr_line' id='line_1_21' title="bbox 55 2278 887 2361; baseline 0.006 -25"><span class='ocrx_word' id='word_1_163' title='bbox 55 2290 89 2337; x_wconf 84' lang='lat'><strong><em>20</em></strong></span> <span class='ocrx_word' id='word_1_164' title='bbox 108 2278 314 2361; x_wconf 87' lang='grc' dir='ltr'><strong><em>κυρτότητος.</em></strong></span> <span class='ocrx_word' id='word_1_165' title='bbox 885 2299 887 2303; x_wconf 92' lang='grc'><strong><em>·</em></strong></span> 
     </span>
     <span class='ocr_line' id='line_1_22' title="bbox 175 2380 1119 2466; baseline 0.003 -21"><span class='ocrx_word' id='word_1_166' title='bbox 175 2382 231 2445; x_wconf 79' lang='grc' dir='ltr'><strong><em>διὰ</em></strong></span> <span class='ocrx_word' id='word_1_167' title='bbox 258 2391 356 2446; x_wconf 87' lang='grc' dir='ltr'><strong><em>τοῦτο</em></strong></span> <span class='ocrx_word' id='word_1_168' title='bbox 387 2380 442 2446; x_wconf 78' lang='grc' dir='ltr'><strong><em>καὶ</em></strong></span> <span class='ocrx_word' id='word_1_169' title='bbox 470 2384 504 2446; x_wconf 81' lang='grc' dir='ltr'><strong><em>οἱ</em></strong></span> <span class='ocrx_word' id='word_1_170' title='bbox 529 2384 573 2466; x_wconf 78' lang='grc' dir='ltr'><strong><em>μὴ</em></strong></span> <span class='ocrx_word' id='word_1_171' title='bbox 600 2383 731 2458; x_wconf 78' lang='grc' dir='ltr'><strong><em>πάντως</em></strong></span> <span class='ocrx_word' id='word_1_172' title='bbox 758 2381 992 2466; x_wconf 82' lang='grc' dir='ltr'><strong><em>ἀποτεταμένοι</em></strong></span> <span class='ocrx_word' id='word_1_173' title='bbox 1010 2383 1119 2448; x_wconf 44' lang='grc' dir='ltr'><strong><em>,κάλοι</em></strong></span> 
     </span>
     <span class='ocr_line' id='line_1_23' title="bbox 109 2485 1120 2574; baseline 0.003 -22"><span class='ocrx_word' id='word_1_174' title='bbox 109 2488 144 2552; x_wconf 83' lang='grc' dir='ltr'><strong><em>ἐκ</em></strong></span> <span class='ocrx_word' id='word_1_175' title='bbox 167 2492 309 2570; x_wconf 75' lang='grc' dir='ltr'><strong><em>πλαγίου</em></strong></span> <span class='ocrx_word' id='word_1_176' title='bbox 337 2485 396 2572; x_wconf 75' lang='grc' dir='ltr'><strong><em>μέν</em></strong></span> <span class='ocrx_word' id='word_1_177' title='bbox 424 2489 585 2574; x_wconf 82' lang='grc' dir='ltr'><strong><em>ὁρώμενοι</em></strong></span> <span class='ocrx_word' id='word_1_178' title='bbox 613 2488 805 2572; x_wconf 80' lang='grc' dir='ltr'><strong><em>ἀσχίλασμα</em></strong></span> <span class='ocrx_word' id='word_1_179' title='bbox 833 2492 919 2572; x_wconf 78' lang='grc' dir='ltr'><strong><em>ἔχειν</em></strong></span> <span class='ocrx_word' id='word_1_180' title='bbox 947 2490 1120 2574; x_wconf 88' lang='grc' dir='ltr'><strong><em>δοκοῦσιν,</em></strong></span> 
     </span>
     <span class='ocr_line' id='line_1_24' title="bbox 107 2591 1120 2683; baseline 0.003 -25"><span class='ocrx_word' id='word_1_181' title='bbox 107 2595 325 2659; x_wconf 78' lang='grc' dir='ltr'><strong><em>ὑποκάτωθεν</em></strong></span> <span class='ocrx_word' id='word_1_182' title='bbox 349 2592 385 2658; x_wconf 72' lang='grc' dir='ltr'><strong><em>δέ</em></strong></span> <span class='ocrx_word' id='word_1_183' title='bbox 408 2595 519 2672; x_wconf 83' lang='grc' dir='ltr'><strong><em>εὐθείς</em></strong></span> <span class='ocrx_word' id='word_1_184' title='bbox 542 2591 637 2678; x_wconf 80' lang='grc' dir='ltr'><strong><em>εἶναι,</em></strong></span> <span class='ocrx_word' id='word_1_185' title='bbox 660 2593 715 2659; x_wconf 82' lang='grc' dir='ltr'><strong><em>καὶ</em></strong></span> <span class='ocrx_word' id='word_1_186' title='bbox 739 2597 776 2658; x_wconf 81' lang='grc' dir='ltr'><strong><em>αἱ</em></strong></span> <span class='ocrx_word' id='word_1_187' title='bbox 792 2593 882 2660; x_wconf 78' lang='grc' dir='ltr'><strong><em>σκιαὶ</em></strong></span> <span class='ocrx_word' id='word_1_188' title='bbox 905 2591 942 2659; x_wconf 71' lang='grc' dir='ltr'><strong><em>δὲ</em></strong></span> <span class='ocrx_word' id='word_1_189' title='bbox 960 2607 1029 2661; x_wconf 84' lang='grc' dir='ltr'><strong><em>τῶν</em></strong></span> <span class='ocrx_word' id='word_1_190' title='bbox 1047 2602 1120 2683; x_wconf 91' lang='grc' dir='ltr'><strong><em>κρί-</em></strong></span> 
     </span>
     <span class='ocr_line' id='line_1_25' title="bbox 107 2695 1120 2789; baseline 0.003 -25"><span class='ocrx_word' id='word_1_191' title='bbox 107 2724 176 2765; x_wconf 91' lang='grc' dir='ltr'><strong><em>κων</em></strong></span> <span class='ocrx_word' id='word_1_192' title='bbox 199 2700 234 2765; x_wconf 85' lang='grc' dir='ltr'><strong><em>ίν</em></strong></span> <span class='ocrx_word' id='word_1_193' title='bbox 257 2711 302 2789; x_wconf 78' lang='grc' dir='ltr'><strong><em>τῷ</em></strong></span> <span class='ocrx_word' id='word_1_194' title='bbox 322 2701 410 2789; x_wconf 78' lang='grc' dir='ltr'><strong><em>αὐτῷ</em></strong></span> <span class='ocrx_word' id='word_1_195' title='bbox 429 2700 570 2788; x_wconf 75' lang='grc' dir='ltr'><strong><em>ἐπιπέδῳ</em></strong></span> <span class='ocrx_word' id='word_1_196' title='bbox 594 2699 763 2784; x_wconf 80' lang='grc' dir='ltr'><strong><em>κειμένων,</em></strong></span> <span class='ocrx_word' id='word_1_197' title='bbox 787 2701 823 2766; x_wconf 85' lang='grc' dir='ltr'><strong><em>έν</em></strong></span> <span class='ocrx_word' id='word_1_198' title='bbox 843 2695 868 2789; x_wconf 73' lang='grc' dir='ltr'><em>ᾧ</em></span> <span class='ocrx_word' id='word_1_199' title='bbox 887 2699 997 2766; x_wconf 78' lang='grc' dir='ltr'><strong><em>καὶτὸ</em></strong></span> <span class='ocrx_word' id='word_1_200' title='bbox 1018 2701 1120 2788; x_wconf 91' lang='grc' dir='ltr'><strong><em>ὄμμα,</em></strong></span> 
     </span>
     <span class='ocr_line' id='line_1_26' title="bbox 55 2808 446 2890; baseline 0.013 -23"><span class='ocrx_word' id='word_1_201' title='bbox 55 2819 88 2868; x_wconf 76' lang='lat'><strong><em>‘25</em></strong></span> <span class='ocrx_word' id='word_1_202' title='bbox 108 2808 236 2872; x_wconf 81' lang='grc' dir='ltr'><strong><em>εὐθεῖαι</em></strong></span> <span class='ocrx_word' id='word_1_203' title='bbox 259 2811 446 2890; x_wconf 90' lang='grc' dir='ltr'><strong><em>φαίνονται.</em></strong></span> 
     </span>
    </p>
   </div>
   <div class='ocr_carea' id='block_1_3' title="bbox 106 3031 1117 3529">
    <p class='ocr_par' dir='ltr' id='par_1_3' title="bbox 106 3031 1117 3529">
     <span class='ocr_line' id='line_1_27' title="bbox 178 3031 1117 3125; baseline 0.003 -38"><span class='ocrx_word' id='word_1_204' title='bbox 178 3041 201 3089; x_wconf 95' lang='grc'><strong><em>1.</em></strong></span> <span class='ocrx_word' id='word_1_205' title='bbox 221 3032 317 3090; x_wconf 84' lang='grc' dir='ltr'><strong><em>καί-</em></strong></span> <span class='ocrx_word' id='word_1_206' title='bbox 332 3031 509 3125; x_wconf 75' lang='grc' dir='ltr'><strong><em>πορρωτέρω]</em></strong></span> <span class='ocrx_word' id='word_1_207' title='bbox 528 3050 580 3088; x_wconf 86' lang='lat' dir='ltr'><strong><em>om</em></strong></span> <span class='ocrx_word' id='word_1_208' title='bbox 600 3034 652 3087; x_wconf 80' lang='lat' dir='ltr'><strong>lae.</strong></span> <span class='ocrx_word' id='word_1_209' title='bbox 673 3034 721 3087; x_wconf 84' lang='lat' dir='ltr'><strong>rel.</strong></span> <span class='ocrx_word' id='word_1_210' title='bbox 741 3034 806 3087; x_wconf 73' lang='lat' dir='ltr'><strong><em>vat</em></strong></span> <span class='ocrx_word' id='word_1_211' title='bbox 878 3033 930 3102; x_wconf 85' lang='grc' dir='ltr'><strong><em>τήν</em></strong></span> <span class='ocrx_word' id='word_1_212' title='bbox 945 3034 1073 3103; x_wconf 72' lang='lat' dir='ltr'><strong>&lt;a1t.-)</strong></span> <span class='ocrx_word' id='word_1_213' title='bbox 1092 3042 1117 3090; x_wconf 79' lang='lat'><strong><em>2.</em></strong></span> 
     </span>
     <span class='ocr_line' id='line_1_28' title="bbox 107 3055 1117 3193; baseline 0.001 -34"><span class='ocrx_word' id='word_1_214' title='bbox 107 3105 213 3178; x_wconf 77' lang='grc' dir='ltr'><strong><em>διά]η,</em></strong></span> <span class='ocrx_word' id='word_1_215' title='bbox 232 3114 280 3175; x_wconf 84' lang='grc' dir='ltr'><strong><em>τῆς</em></strong></span> <span class='ocrx_word' id='word_1_216' title='bbox 299 3101 378 3174; x_wconf 79' lang='grc' dir='ltr'><strong><em>ἐφ’</em></strong></span> <span class='ocrx_word' id='word_1_217' title='bbox 362 3126 395 3171; x_wconf 88' lang='grc' dir='ltr'><strong><em>ης</em></strong></span> <span class='ocrx_word' id='word_1_218' title='bbox 408 3105 439 3158; x_wconf 84' lang='grc' dir='ltr'><strong><em>τὸ</em></strong></span> <span class='ocrx_word' id='word_1_219' title='bbox 455 3105 537 3173; x_wconf 80' lang='lat' dir='ltr'>(dem</span> <span class='ocrx_word' id='word_1_220' title='bbox 553 3121 606 3158; x_wconf 76' lang='lat' dir='ltr'><strong><em>ras</em></strong></span> <span class='ocrx_word' id='word_1_221' title='bbox 623 3104 660 3172; x_wconf 92' lang='lat' dir='ltr'>M</span> <span class='ocrx_word' id='word_1_222' title='bbox 679 3107 750 3173; x_wconf 77' lang='lat' dir='ltr'><strong>spat.</strong></span> <span class='ocrx_word' id='word_1_223' title='bbox 767 3104 852 3158; x_wconf 58' lang='grc' dir='ltr'><strong><em>Ἡλίω</em></strong></span> <span class='ocrx_word' id='word_1_224' title='bbox 820 3055 912 3193; x_wconf 64' lang='grc' dir='ltr'><strong><em>λΒλ7</em></strong></span> <span class='ocrx_word' id='word_1_225' title='bbox 922 3104 978 3158; x_wconf 78' lang='grc' dir='ltr'><strong><em>ἐστι</em></strong></span> <span class='ocrx_word' id='word_1_226' title='bbox 997 3105 1117 3161; x_wconf 82' lang='lat' dir='ltr'><strong>MFRu.</strong></span> 
     </span>
     <span class='ocr_line' id='line_1_29' title="bbox 143 3173 1117 3246; baseline 0 -15"><span class='ocrx_word' id='word_1_227' title='bbox 143 3184 166 3231; x_wconf 86' lang='lat'><strong><em>6.</em></strong></span> <span class='ocrx_word' id='word_1_228' title='bbox 184 3186 232 3246; x_wconf 85' lang='grc' dir='ltr'><strong><em>τῆς</em></strong></span> <span class='ocrx_word' id='word_1_229' title='bbox 250 3173 428 3246; x_wconf 83' lang='grc' dir='ltr'><strong><em>περιφερείας</em></strong></span> <span class='ocrx_word' id='word_1_230' title='bbox 446 3195 495 3229; x_wconf 92' lang='grc' dir='ltr'><strong><em>του</em></strong></span> <span class='ocrx_word' id='word_1_231' title='bbox 514 3175 616 3229; x_wconf 79' lang='grc' dir='ltr'><strong><em>κύκλον</em></strong></span> <span class='ocrx_word' id='word_1_232' title='bbox 636 3175 702 3229; x_wconf 88' lang='grc' dir='ltr'>ΜΒ</span> <span class='ocrx_word' id='word_1_233' title='bbox 790 3184 813 3230; x_wconf 87' lang='lat'><strong><em>9.</em></strong></span> <span class='ocrx_word' id='word_1_234' title='bbox 837 3174 883 3246; x_wconf 89' lang='grc' dir='ltr'><strong><em>τα]</em></strong></span> <span class='ocrx_word' id='word_1_235' title='bbox 908 3193 1064 3244; x_wconf 80' lang='lat' dir='ltr'><strong>suprascr.</strong></span> <span class='ocrx_word' id='word_1_236' title='bbox 1084 3179 1117 3231; x_wconf 89' lang='lat' dir='ltr'><strong>R.</strong></span> 
     </span>
     <span class='ocr_line' id='line_1_30' title="bbox 143 3245 1117 3336; baseline 0 -34"><span class='ocrx_word' id='word_1_237' title='bbox 143 3251 176 3320; x_wconf 91' lang='grc' dir='ltr'>Β]</span> <span class='ocrx_word' id='word_1_238' title='bbox 196 3266 263 3302; x_wconf 85' lang='lat' dir='ltr'><strong>corr.</strong></span> <span class='ocrx_word' id='word_1_239' title='bbox 283 3264 317 3301; x_wconf 80' lang='lat' dir='ltr'><strong><em>ex</em></strong></span> <span class='ocrx_word' id='word_1_240' title='bbox 336 3252 363 3300; x_wconf 89' lang='lat' dir='ltr'><em>K</em></span> <span class='ocrx_word' id='word_1_241' title='bbox 379 3246 411 3300; x_wconf 90' lang='grc' dir='ltr'>Β</span> <span class='ocrx_word' id='word_1_242' title='bbox 492 3252 532 3300; x_wconf 90' lang='grc'><strong><em>10.</em></strong></span> <span class='ocrx_word' id='word_1_243' title='bbox 551 3247 618 3336; x_wconf 84' lang='grc' dir='ltr'><strong><em>τῶν]</em></strong></span> <span class='ocrx_word' id='word_1_244' title='bbox 638 3245 703 3299; x_wconf 84' lang='lat' dir='ltr'>hinc</span> <span class='ocrx_word' id='word_1_245' title='bbox 722 3246 848 3300; x_wconf 74' lang='lat' dir='ltr'>etiamr</span> <span class='ocrx_word' id='word_1_246' title='bbox 919 3245 1036 3328; x_wconf 55' lang='lat' dir='ltr'><strong><em>namq,</em></strong></span> <span class='ocrx_word' id='word_1_247' title='bbox 1063 3266 1117 3302; x_wconf 88' lang='lat' dir='ltr'><strong><em>om.</em></strong></span> 
     </span>
     <span class='ocr_line' id='line_1_31' title="bbox 106 3315 1116 3407; baseline 0.001 -34"><span class='ocrx_word' id='word_1_248' title='bbox 106 3319 172 3374; x_wconf 89' lang='lat' dir='ltr'><strong><em>MR</em></strong></span> <span class='ocrx_word' id='word_1_249' title='bbox 231 3325 271 3372; x_wconf 92' lang='lat'><strong><em>11.</em></strong></span> <span class='ocrx_word' id='word_1_250' title='bbox 291 3315 369 3407; x_wconf 87' lang='grc' dir='ltr'><strong><em>καί]</em></strong></span> <span class='ocrx_word' id='word_1_251' title='bbox 375 3334 428 3371; x_wconf 86' lang='lat' dir='ltr'><strong><em>om.</em></strong></span> <span class='ocrx_word' id='word_1_252' title='bbox 447 3334 468 3370; x_wconf 92' lang='lat' dir='ltr'><strong><em>r.</em></strong></span> <span class='ocrx_word' id='word_1_253' title='bbox 529 3323 570 3370; x_wconf 87' lang='lat'><strong><em>15</em></strong></span> <span class='ocrx_word' id='word_1_254' title='bbox 591 3315 651 3370; x_wconf 86' lang='grc' dir='ltr'><strong><em>ὄ-</em></strong></span> <span class='ocrx_word' id='word_1_255' title='bbox 670 3317 779 3389; x_wconf 83' lang='grc' dir='ltr'><strong><em>ὁρᾶται]</em></strong></span> <span class='ocrx_word' id='word_1_256' title='bbox 799 3320 898 3386; x_wconf 79' lang='lat' dir='ltr'>postea</span> <span class='ocrx_word' id='word_1_257' title='bbox 916 3318 968 3372; x_wconf 84' lang='lat' dir='ltr'><strong>ins.</strong></span> <span class='ocrx_word' id='word_1_258' title='bbox 989 3336 1016 3386; x_wconf 91' lang='lat' dir='ltr'><strong><em>q.</em></strong></span> <span class='ocrx_word' id='word_1_259' title='bbox 1075 3326 1116 3374; x_wconf 86' lang='grc'><strong><em>16.</em></strong></span> 
     </span>
     <span class='ocr_line' id='line_1_32' title="bbox 106 3385 1117 3459; baseline 0.001 -15"><span class='ocrx_word' id='word_1_260' title='bbox 106 3387 281 3459; x_wconf 82' lang='grc' dir='ltr'><strong><em>περιφέρεια]</em></strong></span> <span class='ocrx_word' id='word_1_261' title='bbox 300 3386 388 3458; x_wconf 85' lang='grc' dir='ltr'><strong><em>γωνία</em></strong></span> <span class='ocrx_word' id='word_1_262' title='bbox 407 3389 444 3456; x_wconf 87' lang='grc' dir='ltr'>Β,</span> <span class='ocrx_word' id='word_1_263' title='bbox 468 3404 521 3441; x_wconf 89' lang='lat' dir='ltr'><strong><em>om.</em></strong></span> <span class='ocrx_word' id='word_1_264' title='bbox 541 3387 582 3456; x_wconf 89' lang='lat' dir='ltr'><strong><em>M,</em></strong></span> <span class='ocrx_word' id='word_1_265' title='bbox 608 3385 697 3457; x_wconf 84' lang='grc' dir='ltr'><strong><em>γωνία</em></strong></span> <span class='ocrx_word' id='word_1_266' title='bbox 714 3397 763 3443; x_wconf 84' lang='grc' dir='ltr'><strong><em>τοῦ</em></strong></span> <span class='ocrx_word' id='word_1_267' title='bbox 783 3390 925 3443; x_wconf 79' lang='grc' dir='ltr'><strong><em>κύκλουτ.</em></strong></span> <span class='ocrx_word' id='word_1_268' title='bbox 1000 3397 1117 3445; x_wconf 80' lang='lat'><strong>21-25.</strong></span> 
     </span>
     <span class='ocr_line' id='line_1_33' title="bbox 106 3432 597 3529; baseline 0 -15"><span class='ocrx_word' id='word_1_269' title='bbox 106 3477 159 3515; x_wconf 88' lang='lat' dir='ltr'><strong><em>om.</em></strong></span> <span class='ocrx_word' id='word_1_270' title='bbox 179 3460 211 3513; x_wconf 83' lang='lat' dir='ltr'><strong><em>A.</em></strong></span> <span class='ocrx_word' id='word_1_271' title='bbox 285 3466 326 3513; x_wconf 73' lang='lat'><strong><em>22.</em></strong></span> <span class='ocrx_word' id='word_1_272' title='bbox 347 3459 403 3512; x_wconf 84' lang='lat' dir='ltr'><strong><em>Ser</em></strong></span> <span class='ocrx_word' id='word_1_273' title='bbox 423 3432 597 3529; x_wconf 76' lang='grc' dir='ltr'><strong><em>ἐγχάλασμα.</em></strong></span> 
     </span>
    </p>
   </div>
   <div class='ocr_carea' id='block_1_4' title="bbox 0 0 1172 3788">
    <p class='ocr_par' dir='ltr' id='par_1_4' title="bbox 0 0 1172 3788">
     <span class='ocr_line' id='line_1_34' title="bbox 0 0 1172 3788; baseline 0 1"><span class='ocrx_word' id='word_1_274' title='bbox 0 0 1172 3788; x_wconf 95' lang='lat' dir='ltr'><strong><em> </em></strong></span> 
     </span>
    </p>
   </div>
  </div>
 </body>
</html>
