2334 3788
96 134 139 198 70
436 134 606 188 EUCLIDIS
625 134 763 189 OPTIOA.

96 277 194 345 ἐστίν.
230 281 289 344 καί
309 281 394 344 εἴσιν
417 276 519 365 ὀρθαὶ
542 281 579 344 αἴ
599 279 664 344 ὑπὸ
688 283 717 343 Β
724 284 794 363 ΖΑ,
814 283 922 344 ΒΚΑ.
959 277 1110 344 ἐλάσσων

94 382 155 471 μὲν
182 388 246 472 ἄρα
273 385 294 469 ἡ
318 390 381 450 ΒΖ
408 393 466 469 τῆς
489 389 557 449 ΒΚ
582 386 638 450 διὰ
665 387 702 451 τὸ
732 391 786 451 ἴσα
813 381 899 451 εἴναι
921 385 962 449 τά
984 408 1019 450 τε
1042 385 1109 450 ἀπὸ

94 504 162 556 τῶν
185 497 263 577 ΒΖ,
288 497 354 556 ΖΑ
375 489 494 557 καὶτὰ
517 491 581 557 ἀπὸ
604 503 671 557 τῶν
693 496 774 576 ΒΚ,
797 497 866 557 ΚΑ
893 502 939 581 τῷ
962 492 1026 557 ἀπὸ
1049 501 1111 576 τῆς

93 603 157 663 BA
183 598 238 665 καῖ
266 592 434 683 ἀλλήλοις,
462 602 580 684 μείζων
604 596 640 664 δὲ
663 599 764 664 ποῖλιν
790 598 811 681 ἡ
834 599 899 664 ὑπὸ
923 603 1024 663 ΒΑΚ
1048 607 1110 682 τῆς

59 705 159 770 ὅὺπὸ
187 709 292 769 BAZ.
348 717 463 771 πασῶν
493 701 529 769 δὲ
556 715 624 770 τῶν
654 706 737 790 πρὸς
764 716 803 791 τη
832 709 894 770 BA
920 704 1110 789 γινομένων

93 822 225 894 γωνιῶν
248 812 312 877 ὑπὸ
335 822 403 876 τῶν
426 813 483 877 διὰ
501 821 562 876 τοῦ
581 818 614 876 Α
637 810 844 897 διαγομένων
862 816 997 898 μεγίστη
1016 810 1110 878 ἐστὶν

93 900 115 1001 η
136 918 202 983 ὑπὸ
225 922 332 983 ΒΑΗ
351 917 567 1003 ἐκβληθεῖσης
589 928 649 1012 της
671 922 732 984 ΓΑ
755 917 808 985 ἐπὶ
830 921 868 985 τὸ
891 925 936 1004 H,
960 917 1028 984 ἐπεὶ
1051 917 1109 984 καὶ

92 1027 208 1090 πασῶν
231 1024 374 1091 ἐλάττων
397 1025 417 1109 η
441 1026 505 1091 ὑπὸ
525 1030 587 1090 BA
593 1029 628 1090 Γ.
667 1033 736 1091 ἴσαι
754 1023 792 1090 δὲ
809 1029 959 1109 γίνονται
978 1027 1016 1091 αἴ
1032 1031 1110 1091 ἴσον

84 1123 274 1216 Ιοἰπέχουσαι
306 1131 370 1217 ἐφ’·
391 1131 527 1218 ἑκάτερα
558 1141 615 1217 της
642 1135 719 1197 ΜΛ
750 1141 808 1216 τῆς
840 1134 902 1216 τὴν
933 1131 1109 1216 ἐλαχίστην

41 1249 74 1299 10
93 1242 219 1320 γωνίαν
236 1241 450 1326 περιεχούσης
467 1240 547 1324 μετὰ
565 1249 624 1324 τῆς
641 1244 712 1304 BA.
748 1242 873 1304 κείσθω
892 1239 955 1325 γὰρ
974 1248 1013 1323 τη
1032 1243 1115 1307 ΕΜ

94 1351 148 1428 M,
171 1343 191 1427 η
210 1350 299 1429 MN,
322 1344 378 1410 καὶ
401 1324 649 1430 εἴεςειχοωσαι
671 1347 709 1410 M
726 1351 810 1430 EM
829 1350 917 1429 ΜΝ,
936 1347 1009 1429 ΕΓ,
1029 1349 1108 1430 ΓΝ,

93 1454 171 1534 ΒΕ,
195 1456 273 1535 ΒΝ,
296 1457 377 1517 AN.
428 1451 497 1517 ἐπεὶ
525 1449 596 1519 οὖν,
615 1459 669 1536 ἴση
698 1450 788 1517 ἐστὶν
809 1452 830 1535 ἡ
854 1456 937 1517 ΜΝ
958 1462 998 1538 τῇ
1022 1456 1108 1536 ΜΕ,

92 1559 188 1641 κοινη
212 1554 249 1622 δέ
267 1558 287 1641 η
306 1562 388 1643 ΜΓ,
411 1557 466 1624 καῖ
490 1562 613 1642 γωνίας
632 1564 705 1634 ἴσας
723 1557 943 1644 περιέχουσιν,
968 1564 1022 1642 ἴση
1041 1561 1107 1645 ἄρα

92 1662 148 1728 καὶ
170 1664 191 1747 ἡ
214 1666 282 1730 ΕΓ
303 1676 343 1752 τῇ
368 1669 443 1732 ΓΝ.
488 1667 582 1749 κοινη
611 1662 648 1730 δὲ
674 1663 729 1730 καὶ
756 1667 839 1752 πρὸς
861 1665 968 1752 ὀρθὰς
990 1664 1010 1748 ἡ
1034 1669 1106 1731 ΓΒ.

41 1781 74 1830 15
95 1776 148 1854 ἴση
173 1773 236 1859 ἄρα
258 1771 313 1837 καῖ
336 1773 356 1856 η
380 1779 442 1838 ΕΒ
465 1785 505 1860 τῇ
526 1777 603 1837 ΒΝ.
641 1771 801 1837 ἀλλὰκαὶ
824 1771 844 1855 ἡ
868 1777 997 1859 ΕΑτῇ
1021 1777 1105 1837 ΑΝ·

92 1875 147 1942 καὶ
170 1880 264 1962 κοινη
288 1879 403 1962 ηΑΒ.
438 1879 494 1944 καὶ
518 1882 621 1963 γωνία
644 1881 709 1964 ἄρα
731 1878 752 1962 ἡ
774 1878 840 1944 ὑπὸ
859 1884 954 1944 ΕΑΒ
978 1888 1018 1964 τῇ
1039 1879 1104 1944 ὑπὸ

92 1988 192 2047 ΝΑΒ
218 1991 271 2068 ἴση
296 1985 367 2050 ἐστί
387 2035 394 2050 .

149 2221 256 2288 Ἔστω
280 2226 400 2300 κύκλος
422 2224 440 2290 ὁ
464 2227 610 2308 ΑΒΓΔ,
643 2220 683 2289 οὗ
710 2221 849 2310 κέντρον
876 2225 913 2288 τὸ
938 2229 980 2307 Ζ,
1014 2222 1050 2288 ἐν
1078 2217 1104 2312 ᾦ

93 2328 222 2393 εὐθεῖαι
240 2331 398 2413 ἤχθωσαν
417 2331 473 2394 διὰ
492 2341 558 2395 τῶν
577 2336 619 2413 Α,
638 2335 676 2414 Β,
697 2334 733 2414 Γ,
753 2337 786 2395 Δ
808 2328 986 2415 τέμνουσαι
1005 2330 1104 2414 ἀλλη-

39 2448 74 2499 20
94 2440 152 2510 λας
174 2437 258 2522 πρὸς
279 2436 394 2521 ὀρθάς,
418 2438 506 2520 ὄμμα
530 2433 566 2500 δὲ
589 2440 670 2502 ἔστω
694 2438 731 2501 τὸ
750 2443 789 2521 Ε,
813 2435 872 2521 ἀφ’
894 2432 934 2502 οὗ
955 2437 976 2520 ἡ
995 2435 1048 2502 ἐπὶ
1066 2439 1104 2502 τὸ

93 2540 231 2628 κέντρον
258 2540 511 2627 ἐπιζευγνυμένη
538 2544 621 2629 πρὸς
648 2542 754 2628 ὀρθὰς
781 2553 820 2629 τη
846 2546 920 2627 ΓΛ,
953 2546 1036 2630 πρὸς
1068 2542 1105 2610 δέ

91 2747 305 2756 ...a—...—

165 2899 189 2948 1.
209 2891 295 2966 ἐστίν]
315 2891 371 2947 ἐστί
388 2894 517 2948 Κελιω.
581 2895 669 2964 ΒΖΑ]
692 2899 767 2948 ΖΒΑ
785 2895 881 2949 Vat.v.
943 2894 1056 2951 ἔλαττον
1075 2914 1101 2964 v,

92 2962 212 3020 ἐλάττων
230 2965 294 3019 vat.
385 2970 409 3017 3.
431 2965 491 3035 BZ]
514 2969 562 3018 ΖΒ
580 2965 701 3020 Vat.¹m.
788 2967 847 3037 τῆς]
866 2974 921 3020 τῶν
940 2965 1004 3020 vat.
1079 2973 1103 3021 4.

92 3037 186 3104 μεῖζον
204 3053 230 3090 v.
303 3033 350 3106 δέ]
371 3052 438 3090 corr.
458 3036 488 3088 in
503 3035 558 3104 ἄρα
577 3036 610 3104 V,
632 3036 688 3104 ἄρα
707 3037 922 3091 Vat.Vat.¹mv.
997 3043 1021 3092 6.
1041 3040 1103 3092 δια-

92 3104 231 3178 γομένων]
250 3109 311 3161 δια·
327 3106 357 3158 in
371 3124 425 3160 ras,
440 3107 474 3160 V.
530 3114 553 3162 7.
574 3105 653 3179 ἐπεί]
671 3109 719 3163 καῖ
734 3105 794 3162 ἐπεί
808 3108 904 3167 VatM.
961 3114 1002 3163 11.
1021 3111 1104 3182 MN]

92 3194 161 3233 corr.
182 3194 216 3231 ex
234 3181 299 3232 ΜΓ
312 3178 376 3232 Vat.
450 3180 521 3249 ΕΓ]
542 3195 594 3233 om.
614 3198 649 3233 m.
724 3185 764 3234 1³.
784 3178 943 3251 περιέχουσι
961 3198 987 3234 v.
1063 3187 1103 3235 15.

94 3250 166 3321 ΒΝ]
192 3253 249 3303 BH
269 3267 304 3303 m.
397 3255 437 3303 16.
466 3250 668 3321 τη]τηςῖἴαί.
761 3256 802 3305 17.
832 3253 1050 3323 NAB]ecorr.
1070 3252 1103 3308 V.

130 3352 171 3402 18.
191 3347 238 3417 μγ’
254 3347 287 3416 V,
307 3347 357 3416 μα’
372 3366 408 3402 m.
424 3355 440 3402 2
459 3347 523 3402 vat.
588 3345 686 3416 κέτρον
704 3366 729 3403 V.
800 3353 841 3401 19.
860 3347 1007 3420 ἤχθωσαν]
1027 3339 1106 3421 ἥχθῖ

85 3417 157 3542 αξξ.
177 3418 342 3560 θιάχλήχλαις
359 3438 395 3473 m.
450 3424 493 3475 20.
512 3419 543 3473 τὸ
558 3416 685 3491 κέντρον]
704 3427 753 3474 τοῦ
768 3416 884 3486 κέντρου
903 3438 939 3473 m.
996 3427 1037 3474 21.
1057 3421 1104 3493 τῇ]
