<?xml version="1.0" encoding="UTF-8"?>
<!DOCTYPE html PUBLIC "-//W3C//DTD XHTML 1.0 Transitional//EN"
    "http://www.w3.org/TR/xhtml1/DTD/xhtml1-transitional.dtd">
<html xmlns="http://www.w3.org/1999/xhtml" xml:lang="en" lang="en">
 <head>
  <title>
</title>
<meta http-equiv="Content-Type" content="text/html;charset=utf-8" />
  <meta name='ocr-system' content='tesseract 3.04.00' />
  <meta name='ocr-capabilities' content='ocr_page ocr_carea ocr_par ocr_line ocrx_word'/>
</head>
<body>
  <div class='ocr_page' id='page_1' title='image "./euclidisoperaom13unkngoog_0275.png"; bbox 0 0 2334 3788; ppageno 0'>
   <div class='ocr_carea' id='block_1_1' title="bbox 86 110 886 175">
    <p class='ocr_par' dir='ltr' id='par_1_1' title="bbox 86 110 886 175">
     <span class='ocr_line' id='line_1_1' title="bbox 86 110 886 175; baseline -0.006 0"><span class='ocrx_word' id='word_1_1' title='bbox 86 110 152 175; x_wconf 86' lang='grc'><strong><em>194</em></strong></span> <span class='ocrx_word' id='word_1_2' title='bbox 294 114 505 167; x_wconf 79' lang='lat' dir='ltr'><strong><em>OP&#39;HOORUM</em></strong></span> <span class='ocrx_word' id='word_1_3' title='bbox 521 116 700 169; x_wconf 74' lang='lat' dir='ltr'><strong><em>RECENSIO</em></strong></span> <span class='ocrx_word' id='word_1_4' title='bbox 719 117 886 171; x_wconf 75' lang='lat' dir='ltr'><strong><em>THEONIS.</em></strong></span> 
     </span>
    </p>
   </div>
   <div class='ocr_carea' id='block_1_2' title="bbox 20 254 1100 2822">
    <p class='ocr_par' dir='ltr' id='par_1_2' title="bbox 81 254 1100 663">
     <span class='ocr_line' id='line_1_2' title="bbox 83 254 1100 345; baseline 0.008 -25"><span class='ocrx_word' id='word_1_5' title='bbox 83 257 121 321; x_wconf 87' lang='grc' dir='ltr'><strong><em>τὸ</em></strong></span> <span class='ocrx_word' id='word_1_6' title='bbox 144 262 177 321; x_wconf 88' lang='lat' dir='ltr'><em>A</em></span> <span class='ocrx_word' id='word_1_7' title='bbox 204 254 293 341; x_wconf 95' lang='grc' dir='ltr'><strong><em>ὄμμα</em></strong></span> <span class='ocrx_word' id='word_1_8' title='bbox 319 254 373 322; x_wconf 85' lang='grc' dir='ltr'><strong><em>ἐπλ</em></strong></span> <span class='ocrx_word' id='word_1_9' title='bbox 399 259 436 322; x_wconf 90' lang='grc' dir='ltr'><strong><em>τὸ</em></strong></span> <span class='ocrx_word' id='word_1_10' title='bbox 459 262 509 341; x_wconf 90' lang='grc' dir='ltr'><strong><em>Ν,</em></strong></span> <span class='ocrx_word' id='word_1_11' title='bbox 540 255 595 322; x_wconf 80' lang='grc' dir='ltr'><strong><em>καὶ</em></strong></span> <span class='ocrx_word' id='word_1_12' title='bbox 620 256 695 345; x_wconf 77' lang='grc' dir='ltr'><strong><em>περὶ</em></strong></span> <span class='ocrx_word' id='word_1_13' title='bbox 718 261 779 344; x_wconf 82' lang='grc' dir='ltr'><strong><em>την</em></strong></span> <span class='ocrx_word' id='word_1_14' title='bbox 801 263 877 326; x_wconf 86' lang='grc' dir='ltr'><strong><em>ΚΝ</em></strong></span> <span class='ocrx_word' id='word_1_15' title='bbox 899 261 1021 338; x_wconf 81' lang='grc' dir='ltr'><strong><em>κύκλος</em></strong></span> <span class='ocrx_word' id='word_1_16' title='bbox 1042 285 1100 345; x_wconf 79' lang='grc' dir='ltr'><strong><em>νε-</em></strong></span> 
     </span>
     <span class='ocr_line' id='line_1_3' title="bbox 84 360 1099 451; baseline 0.007 -25"><span class='ocrx_word' id='word_1_17' title='bbox 84 362 243 449; x_wconf 83' lang='grc' dir='ltr'><strong><em>γράφθω,</em></strong></span> <span class='ocrx_word' id='word_1_18' title='bbox 274 360 330 427; x_wconf 83' lang='grc' dir='ltr'><strong><em>καὶ</em></strong></span> <span class='ocrx_word' id='word_1_19' title='bbox 361 362 609 448; x_wconf 74' lang='grc' dir='ltr'><strong><em>ἐπεζεύχθωσαν</em></strong></span> <span class='ocrx_word' id='word_1_20' title='bbox 641 366 678 429; x_wconf 68' lang='grc' dir='ltr'><strong><em>αι’</em></strong></span> <span class='ocrx_word' id='word_1_21' title='bbox 700 369 781 448; x_wconf 92' lang='grc' dir='ltr'><strong><em>ΝΡ,</em></strong></span> <span class='ocrx_word' id='word_1_22' title='bbox 805 369 882 450; x_wconf 91' lang='lat' dir='ltr'><strong><em>PK,</em></strong></span> <span class='ocrx_word' id='word_1_23' title='bbox 906 371 992 451; x_wconf 87' lang='grc' dir='ltr'><strong><em>ΝΣ,</em></strong></span> <span class='ocrx_word' id='word_1_24' title='bbox 1016 371 1099 434; x_wconf 70' lang='lat' dir='ltr'><strong><em>NK.</em></strong></span> 
     </span>
     <span class='ocr_line' id='line_1_4' title="bbox 82 467 1098 556; baseline 0.007 -23"><span class='ocrx_word' id='word_1_25' title='bbox 82 467 207 534; x_wconf 88' lang='grc' dir='ltr'><strong><em>ούκοῦν</em></strong></span> <span class='ocrx_word' id='word_1_26' title='bbox 229 470 267 533; x_wconf 81' lang='grc' dir='ltr'><strong><em>αῖ</em></strong></span> <span class='ocrx_word' id='word_1_27' title='bbox 288 468 351 536; x_wconf 87' lang='grc' dir='ltr'><strong><em>ἀπὸ</em></strong></span> <span class='ocrx_word' id='word_1_28' title='bbox 374 479 435 535; x_wconf 86' lang='grc' dir='ltr'><strong><em>τοῦ</em></strong></span> <span class='ocrx_word' id='word_1_29' title='bbox 457 476 490 535; x_wconf 87' lang='grc' dir='ltr'><em>Α</em></span> <span class='ocrx_word' id='word_1_30' title='bbox 512 468 655 555; x_wconf 80' lang='grc' dir='ltr'><strong><em>ὄμματος</em></strong></span> <span class='ocrx_word' id='word_1_31' title='bbox 678 470 807 547; x_wconf 78' lang='grc' dir='ltr'><strong><em>ἀκτῖνες</em></strong></span> <span class='ocrx_word' id='word_1_32' title='bbox 827 478 1098 556; x_wconf 79' lang='grc' dir='ltr'><strong><em>προσπίπτουσαι</em></strong></span> 
     </span>
     <span class='ocr_line' id='line_1_5' title="bbox 81 575 1095 663; baseline 0.005 -23"><span class='ocrx_word' id='word_1_33' title='bbox 81 576 164 640; x_wconf 78' lang='grc' dir='ltr'><strong><em>κατὰ</em></strong></span> <span class='ocrx_word' id='word_1_34' title='bbox 182 575 240 653; x_wconf 80' lang='grc' dir='ltr'><strong><em>τὰς</em></strong></span> <span class='ocrx_word' id='word_1_35' title='bbox 257 581 333 660; x_wconf 87' lang='grc' dir='ltr'><strong><em>ΑΛ,</em></strong></span> <span class='ocrx_word' id='word_1_36' title='bbox 347 583 380 642; x_wconf 90' lang='grc' dir='ltr'><em>Α</em></span> <span class='ocrx_word' id='word_1_37' title='bbox 386 581 413 640; x_wconf 92' lang='grc' dir='ltr'>Ζ</span> <span class='ocrx_word' id='word_1_38' title='bbox 435 586 627 642; x_wconf 85' lang='grc' dir='ltr'><strong><em>πεσοῦνται·</em></strong></span> <span class='ocrx_word' id='word_1_39' title='bbox 651 578 734 643; x_wconf 81' lang='grc' dir='ltr'><strong><em>ὥστε</em></strong></span> <span class='ocrx_word' id='word_1_40' title='bbox 753 590 906 663; x_wconf 82' lang='grc' dir='ltr'><strong><em>φανεῖται</em></strong></span> <span class='ocrx_word' id='word_1_41' title='bbox 924 581 962 645; x_wconf 90' lang='grc' dir='ltr'><strong><em>τὸ</em></strong></span> <span class='ocrx_word' id='word_1_42' title='bbox 983 585 1095 645; x_wconf 90' lang='grc' dir='ltr'><em>ΖΦΔ.</em></span> 
     </span>
    </p>

    <p class='ocr_par' dir='ltr' id='par_1_3' title="bbox 46 669 1098 1196">
     <span class='ocr_line' id='line_1_6' title="bbox 46 669 1097 769; baseline 0.005 -23"><span class='ocrx_word' id='word_1_43' title='bbox 46 682 139 747; x_wconf 77' lang='grc' dir='ltr'><strong><em>εθιέι</em></strong></span> <span class='ocrx_word' id='word_1_44' title='bbox 161 683 202 746; x_wconf 76' lang='grc' dir='ltr'><strong><em>τὰ</em></strong></span> <span class='ocrx_word' id='word_1_45' title='bbox 230 682 314 748; x_wconf 84' lang='grc' dir='ltr'><strong><em>αὐτὰ</em></strong></span> <span class='ocrx_word' id='word_1_46' title='bbox 341 684 382 767; x_wconf 80' lang='grc' dir='ltr'><strong><em>θη</em></strong></span> <span class='ocrx_word' id='word_1_47' title='bbox 410 681 465 748; x_wconf 79' lang='grc' dir='ltr'><strong><em>καὶ</em></strong></span> <span class='ocrx_word' id='word_1_48' title='bbox 493 685 531 748; x_wconf 68' lang='grc' dir='ltr'><strong><em>αι’</em></strong></span> <span class='ocrx_word' id='word_1_49' title='bbox 553 683 616 749; x_wconf 89' lang='grc' dir='ltr'><strong><em>ἀπὸ</em></strong></span> <span class='ocrx_word' id='word_1_50' title='bbox 644 692 704 748; x_wconf 90' lang='grc' dir='ltr'><strong><em>τοῦ</em></strong></span> <span class='ocrx_word' id='word_1_51' title='bbox 727 689 766 749; x_wconf 94' lang='grc' dir='ltr'><strong><em>Ν</em></strong></span> <span class='ocrx_word' id='word_1_52' title='bbox 789 669 938 769; x_wconf 42' lang='grc' dir='ltr'><strong><em>’ὄμματος</em></strong></span> <span class='ocrx_word' id='word_1_53' title='bbox 964 685 1097 763; x_wconf 79' lang='grc' dir='ltr'><strong><em>ἀκτῖνες</em></strong></span> 
     </span>
     <span class='ocr_line' id='line_1_7' title="bbox 79 789 1098 876; baseline 0.004 -24"><span class='ocrx_word' id='word_1_54' title='bbox 79 792 345 876; x_wconf 90' lang='grc' dir='ltr'><strong><em>προσπίπτουσαι</em></strong></span> <span class='ocrx_word' id='word_1_55' title='bbox 358 791 441 855; x_wconf 79' lang='grc' dir='ltr'><strong><em>κατὰ</em></strong></span> <span class='ocrx_word' id='word_1_56' title='bbox 455 791 512 867; x_wconf 81' lang='grc' dir='ltr'><strong><em>τὰς</em></strong></span> <span class='ocrx_word' id='word_1_57' title='bbox 525 795 602 874; x_wconf 92' lang='lat' dir='ltr'><strong><em>NP,</em></strong></span> <span class='ocrx_word' id='word_1_58' title='bbox 615 795 690 855; x_wconf 89' lang='grc' dir='ltr'><strong><em>ΝΣ</em></strong></span> <span class='ocrx_word' id='word_1_59' title='bbox 700 799 893 856; x_wconf 86' lang='grc' dir='ltr'><strong><em>πεσοῦνται·</em></strong></span> <span class='ocrx_word' id='word_1_60' title='bbox 907 789 1098 876; x_wconf 72' lang='grc' dir='ltr'><strong><em>ὀφθήσεται</em></strong></span> 
     </span>
     <span class='ocr_line' id='line_1_8' title="bbox 80 891 1097 981; baseline 0 -21"><span class='ocrx_word' id='word_1_61' title='bbox 80 896 145 981; x_wconf 84' lang='grc' dir='ltr'><strong><em>ἀρα</em></strong></span> <span class='ocrx_word' id='word_1_62' title='bbox 163 897 200 960; x_wconf 88' lang='grc' dir='ltr'><strong><em>τὸ</em></strong></span> <span class='ocrx_word' id='word_1_63' title='bbox 214 899 325 959; x_wconf 85' lang='grc' dir='ltr'><strong>ΡΦΣ.</strong></span> <span class='ocrx_word' id='word_1_64' title='bbox 357 897 467 979; x_wconf 81' lang='grc' dir='ltr'><strong><em>μεῖζον</em></strong></span> <span class='ocrx_word' id='word_1_65' title='bbox 485 891 523 959; x_wconf 92' lang='lat' dir='ltr'><strong><em>N</em></strong></span> <span class='ocrx_word' id='word_1_66' title='bbox 541 895 578 959; x_wconf 83' lang='grc' dir='ltr'><strong><em>τὸ</em></strong></span> <span class='ocrx_word' id='word_1_67' title='bbox 594 899 694 961; x_wconf 90' lang='grc' dir='ltr'><strong><em>ΖΦΔ</em></strong></span> <span class='ocrx_word' id='word_1_68' title='bbox 716 904 775 960; x_wconf 88' lang='grc' dir='ltr'><strong><em>τοῦ</em></strong></span> <span class='ocrx_word' id='word_1_69' title='bbox 790 899 901 960; x_wconf 86' lang='grc' dir='ltr'><strong><em>ΡΦΣ.</em></strong></span> <span class='ocrx_word' id='word_1_70' title='bbox 938 898 1097 980; x_wconf 85' lang='grc' dir='ltr'><strong><em>φαίνεται</em></strong></span> 
     </span>
     <span class='ocr_line' id='line_1_9' title="bbox 80 997 1096 1090; baseline 0.001 -24"><span class='ocrx_word' id='word_1_71' title='bbox 80 997 118 1066; x_wconf 98' lang='lat' dir='ltr'><strong><em>N</em></strong></span> <span class='ocrx_word' id='word_1_72' title='bbox 140 1004 293 1067; x_wconf 82' lang='grc' dir='ltr'><strong><em>ἔλασσον·</em></strong></span> <span class='ocrx_word' id='word_1_73' title='bbox 317 1003 436 1086; x_wconf 81' lang='grc' dir='ltr'><strong><em>μείζων</em></strong></span> <span class='ocrx_word' id='word_1_74' title='bbox 458 1002 521 1087; x_wconf 77' lang='grc' dir='ltr'><strong><em>γὰρ</em></strong></span> <span class='ocrx_word' id='word_1_75' title='bbox 544 999 667 1088; x_wconf 82' lang='grc' dir='ltr'><strong><em>ἡπρὸς</em></strong></span> <span class='ocrx_word' id='word_1_76' title='bbox 684 1010 730 1090; x_wconf 78' lang='grc' dir='ltr'><strong><em>τῷ</em></strong></span> <span class='ocrx_word' id='word_1_77' title='bbox 749 1006 788 1066; x_wconf 94' lang='grc' dir='ltr'><strong><em>Ν</em></strong></span> <span class='ocrx_word' id='word_1_78' title='bbox 806 1006 911 1084; x_wconf 78' lang='grc' dir='ltr'><strong><em>γωνία</em></strong></span> <span class='ocrx_word' id='word_1_79' title='bbox 933 1010 991 1086; x_wconf 81' lang='grc' dir='ltr'><strong><em>της</em></strong></span> <span class='ocrx_word' id='word_1_80' title='bbox 1008 1003 1096 1087; x_wconf 91' lang='grc' dir='ltr'><strong><em>πρὸς</em></strong></span> 
     </span>
     <span class='ocr_line' id='line_1_10' title="bbox 79 1112 334 1196; baseline -0.004 -23"><span class='ocrx_word' id='word_1_81' title='bbox 79 1117 124 1196; x_wconf 79' lang='grc' dir='ltr'><strong><em>τῷ</em></strong></span> <span class='ocrx_word' id='word_1_82' title='bbox 148 1115 180 1173; x_wconf 89' lang='lat' dir='ltr'><em>A</em></span> <span class='ocrx_word' id='word_1_83' title='bbox 203 1112 334 1191; x_wconf 83' lang='grc' dir='ltr'><strong><em>γωνίας.</em></strong></span> 
     </span>
    </p>

    <p class='ocr_par' dir='ltr' id='par_1_4' title="bbox 26 1230 616 1316">
     <span class='ocr_line' id='line_1_11' title="bbox 26 1230 616 1316; baseline 0.002 -21"><span class='ocrx_word' id='word_1_84' title='bbox 26 1247 60 1296; x_wconf 93' lang='lat'><strong><em>10</em></strong></span> <span class='ocrx_word' id='word_1_85' title='bbox 552 1230 616 1316; x_wconf 76' lang='grc' dir='ltr'><strong><em>ιβ’.</em></strong></span> 
     </span>
    </p>

    <p class='ocr_par' dir='ltr' id='par_1_5' title="bbox 77 1354 1097 1761">
     <span class='ocr_line' id='line_1_12' title="bbox 145 1354 1097 1441; baseline 0 -21"><span class='ocrx_word' id='word_1_86' title='bbox 145 1357 267 1422; x_wconf 87' lang='grc' dir='ltr'><strong><em>Κώνου</em></strong></span> <span class='ocrx_word' id='word_1_87' title='bbox 294 1358 418 1421; x_wconf 79' lang='grc' dir='ltr'><strong><em>κύκλον</em></strong></span> <span class='ocrx_word' id='word_1_88' title='bbox 450 1359 583 1441; x_wconf 80' lang='grc' dir='ltr'><strong><em>ἔχοντος</em></strong></span> <span class='ocrx_word' id='word_1_89' title='bbox 610 1358 672 1440; x_wconf 82' lang='grc' dir='ltr'><strong><em>την</em></strong></span> <span class='ocrx_word' id='word_1_90' title='bbox 699 1355 813 1440; x_wconf 84' lang='grc' dir='ltr'><strong><em>βοίσιν,</em></strong></span> <span class='ocrx_word' id='word_1_91' title='bbox 846 1354 904 1421; x_wconf 79' lang='grc' dir='ltr'><strong><em>ἐὰν</em></strong></span> <span class='ocrx_word' id='word_1_92' title='bbox 932 1354 995 1420; x_wconf 85' lang='grc' dir='ltr'><strong><em>ἀπὸ</em></strong></span> <span class='ocrx_word' id='word_1_93' title='bbox 1024 1367 1097 1421; x_wconf 92' lang='grc' dir='ltr'><strong><em>τῶν</em></strong></span> 
     </span>
     <span class='ocr_line' id='line_1_13' title="bbox 78 1461 1095 1550; baseline 0.001 -23"><span class='ocrx_word' id='word_1_94' title='bbox 78 1473 240 1547; x_wconf 75' lang='grc' dir='ltr'><strong><em>συναιρῶν</em></strong></span> <span class='ocrx_word' id='word_1_95' title='bbox 266 1472 334 1527; x_wconf 90' lang='grc' dir='ltr'><strong><em>τῶν</em></strong></span> <span class='ocrx_word' id='word_1_96' title='bbox 362 1461 425 1527; x_wconf 89' lang='grc' dir='ltr'><strong><em>ἀπὸ</em></strong></span> <span class='ocrx_word' id='word_1_97' title='bbox 450 1471 511 1528; x_wconf 86' lang='grc' dir='ltr'><strong><em>τοῦ</em></strong></span> <span class='ocrx_word' id='word_1_98' title='bbox 535 1464 680 1547; x_wconf 78' lang='grc' dir='ltr'><strong><em>ὄμματος</em></strong></span> <span class='ocrx_word' id='word_1_99' title='bbox 706 1464 789 1550; x_wconf 89' lang='grc' dir='ltr'><strong><em>πρὸς</em></strong></span> <span class='ocrx_word' id='word_1_100' title='bbox 811 1463 873 1546; x_wconf 82' lang='grc' dir='ltr'><strong><em>τὴν</em></strong></span> <span class='ocrx_word' id='word_1_101' title='bbox 894 1471 954 1526; x_wconf 90' lang='grc' dir='ltr'><strong><em>τοῦ</em></strong></span> <span class='ocrx_word' id='word_1_102' title='bbox 977 1462 1095 1528; x_wconf 86' lang='grc' dir='ltr'><strong><em>κώνου</em></strong></span> 
     </span>
     <span class='ocr_line' id='line_1_14' title="bbox 78 1568 1094 1655; baseline -0.001 -22"><span class='ocrx_word' id='word_1_103' title='bbox 78 1569 177 1653; x_wconf 86' lang='grc' dir='ltr'><strong><em>βοίσιν</em></strong></span> <span class='ocrx_word' id='word_1_104' title='bbox 202 1579 484 1655; x_wconf 80' lang='grc' dir='ltr'><strong><em>προσπιπτουσῶν</em></strong></span> <span class='ocrx_word' id='word_1_105' title='bbox 512 1568 658 1633; x_wconf 84' lang='grc' dir='ltr'><strong><em>ἀκτίνων</em></strong></span> <span class='ocrx_word' id='word_1_106' title='bbox 686 1569 816 1633; x_wconf 85' lang='grc' dir='ltr'><strong><em>εὐθεῖαι</em></strong></span> <span class='ocrx_word' id='word_1_107' title='bbox 844 1569 1011 1652; x_wconf 78' lang='grc' dir='ltr'><strong><em>ὃιαχθῶσι</em></strong></span> <span class='ocrx_word' id='word_1_108' title='bbox 1033 1569 1094 1632; x_wconf 67' lang='lat' dir='ltr'><strong><em>N&amp;</em></strong></span> 
     </span>
     <span class='ocr_line' id='line_1_15' title="bbox 77 1673 1094 1761; baseline -0.003 -20"><span class='ocrx_word' id='word_1_109' title='bbox 77 1684 136 1759; x_wconf 78' lang='grc' dir='ltr'><strong><em>τῆς</em></strong></span> <span class='ocrx_word' id='word_1_110' title='bbox 149 1673 342 1761; x_wconf 80' lang='grc' dir='ltr'><strong><em>ἐπιφανείας</em></strong></span> <span class='ocrx_word' id='word_1_111' title='bbox 360 1685 418 1760; x_wconf 81' lang='grc' dir='ltr'><strong><em>της</em></strong></span> <span class='ocrx_word' id='word_1_112' title='bbox 435 1684 496 1739; x_wconf 88' lang='grc' dir='ltr'><strong><em>τοῦ</em></strong></span> <span class='ocrx_word' id='word_1_113' title='bbox 509 1676 620 1740; x_wconf 84' lang='grc' dir='ltr'><strong><em>κώνου</em></strong></span> <span class='ocrx_word' id='word_1_114' title='bbox 634 1676 717 1761; x_wconf 87' lang='grc' dir='ltr'><strong><em>πρὸς</em></strong></span> <span class='ocrx_word' id='word_1_115' title='bbox 731 1676 792 1759; x_wconf 82' lang='grc' dir='ltr'><strong><em>τὴν</em></strong></span> <span class='ocrx_word' id='word_1_116' title='bbox 805 1675 959 1759; x_wconf 77' lang='grc' dir='ltr'><strong><em>κορυφὴν</em></strong></span> <span class='ocrx_word' id='word_1_117' title='bbox 975 1673 1094 1758; x_wconf 81' lang='grc' dir='ltr'><strong><em>αὐτοῦ,</em></strong></span> 
     </span>
    </p>

    <p class='ocr_par' dir='ltr' id='par_1_6' title="bbox 25 1779 1095 2294">
     <span class='ocr_line' id='line_1_16' title="bbox 25 1779 1095 1866; baseline 0.004 -24"><span class='ocrx_word' id='word_1_118' title='bbox 25 1794 59 1843; x_wconf 82' lang='lat'><strong><em>15</em></strong></span> <span class='ocrx_word' id='word_1_119' title='bbox 78 1782 135 1846; x_wconf 82' lang='grc' dir='ltr'><strong><em>διὰ</em></strong></span> <span class='ocrx_word' id='word_1_120' title='bbox 158 1779 195 1847; x_wconf 92' lang='lat' dir='ltr'><strong><em>N</em></strong></span> <span class='ocrx_word' id='word_1_121' title='bbox 217 1794 284 1848; x_wconf 88' lang='grc' dir='ltr'><strong><em>τῶν</em></strong></span> <span class='ocrx_word' id='word_1_122' title='bbox 307 1782 474 1866; x_wconf 75' lang='grc' dir='ltr'><strong><em>ἀχθεισῶν</em></strong></span> <span class='ocrx_word' id='word_1_123' title='bbox 501 1779 557 1847; x_wconf 86' lang='grc' dir='ltr'><strong><em>καλ</em></strong></span> <span class='ocrx_word' id='word_1_124' title='bbox 579 1794 647 1847; x_wconf 90' lang='grc' dir='ltr'><strong><em>τῶν</em></strong></span> <span class='ocrx_word' id='word_1_125' title='bbox 670 1781 734 1846; x_wconf 89' lang='grc' dir='ltr'><strong><em>ἀπὸ</em></strong></span> <span class='ocrx_word' id='word_1_126' title='bbox 758 1789 817 1845; x_wconf 85' lang='grc' dir='ltr'><strong><em>τοῦ</em></strong></span> <span class='ocrx_word' id='word_1_127' title='bbox 841 1783 985 1865; x_wconf 78' lang='grc' dir='ltr'><strong><em>ὄμματος</em></strong></span> <span class='ocrx_word' id='word_1_128' title='bbox 1006 1781 1095 1866; x_wconf 88' lang='grc' dir='ltr'><strong><em>πρὸς</em></strong></span> 
     </span>
     <span class='ocr_line' id='line_1_17' title="bbox 76 1885 1094 1974; baseline 0 -22"><span class='ocrx_word' id='word_1_129' title='bbox 76 1891 137 1973; x_wconf 82' lang='grc' dir='ltr'><strong><em>τὴν</em></strong></span> <span class='ocrx_word' id='word_1_130' title='bbox 154 1889 253 1972; x_wconf 88' lang='grc' dir='ltr'><strong><em>βάσιν</em></strong></span> <span class='ocrx_word' id='word_1_131' title='bbox 272 1898 332 1953; x_wconf 85' lang='grc' dir='ltr'><strong><em>τοῦ</em></strong></span> <span class='ocrx_word' id='word_1_132' title='bbox 348 1889 458 1954; x_wconf 86' lang='grc' dir='ltr'><strong><em>κώνου</em></strong></span> <span class='ocrx_word' id='word_1_133' title='bbox 476 1899 756 1974; x_wconf 80' lang='grc' dir='ltr'><strong><em>προσπιπτουσῶν</em></strong></span> <span class='ocrx_word' id='word_1_134' title='bbox 775 1887 912 1952; x_wconf 80' lang='grc' dir='ltr'><strong><em>ἐπίπεδα</em></strong></span> <span class='ocrx_word' id='word_1_135' title='bbox 931 1885 1094 1973; x_wconf 72' lang='grc' dir='ltr'><strong><em>ἐκβληθῇ,</em></strong></span> 
     </span>
     <span class='ocr_line' id='line_1_18' title="bbox 76 1992 1093 2079; baseline -0.002 -20"><span class='ocrx_word' id='word_1_136' title='bbox 76 1993 129 2059; x_wconf 74' lang='grc' dir='ltr'><strong><em>ἐπὶ</em></strong></span> <span class='ocrx_word' id='word_1_137' title='bbox 152 1992 189 2060; x_wconf 92' lang='lat' dir='ltr'><strong><em>N</em></strong></span> <span class='ocrx_word' id='word_1_138' title='bbox 212 2004 269 2079; x_wconf 80' lang='grc' dir='ltr'><strong><em>τῆς</em></strong></span> <span class='ocrx_word' id='word_1_139' title='bbox 291 2004 405 2079; x_wconf 77' lang='grc' dir='ltr'><strong><em>κοινῆς</em></strong></span> <span class='ocrx_word' id='word_1_140' title='bbox 428 2003 529 2079; x_wconf 77' lang='grc' dir='ltr'><strong><em>τομῆς</em></strong></span> <span class='ocrx_word' id='word_1_141' title='bbox 550 2006 619 2060; x_wconf 89' lang='grc' dir='ltr'><strong><em>τῶν</em></strong></span> <span class='ocrx_word' id='word_1_142' title='bbox 642 1992 805 2059; x_wconf 79' lang='grc' dir='ltr'><strong><em>ἐπιπέδων</em></strong></span> <span class='ocrx_word' id='word_1_143' title='bbox 828 1994 866 2058; x_wconf 88' lang='grc' dir='ltr'><strong><em>τὸ</em></strong></span> <span class='ocrx_word' id='word_1_144' title='bbox 885 1995 972 2077; x_wconf 90' lang='grc' dir='ltr'><strong><em>ὄμμα</em></strong></span> <span class='ocrx_word' id='word_1_145' title='bbox 994 2000 1093 2078; x_wconf 77' lang='grc' dir='ltr'><strong><em>τεθῇ,</em></strong></span> 
     </span>
     <span class='ocr_line' id='line_1_19' title="bbox 75 2100 1091 2188; baseline -0.001 -23"><span class='ocrx_word' id='word_1_146' title='bbox 75 2102 112 2165; x_wconf 88' lang='grc' dir='ltr'><strong><em>τὸ</em></strong></span> <span class='ocrx_word' id='word_1_147' title='bbox 140 2100 309 2188; x_wconf 84' lang='grc' dir='ltr'><strong><em>ὁρώμενον</em></strong></span> <span class='ocrx_word' id='word_1_148' title='bbox 336 2111 396 2166; x_wconf 89' lang='grc' dir='ltr'><strong><em>τοῦ</em></strong></span> <span class='ocrx_word' id='word_1_149' title='bbox 423 2102 534 2166; x_wconf 93' lang='grc' dir='ltr'><strong><em>κώνου</em></strong></span> <span class='ocrx_word' id='word_1_150' title='bbox 567 2106 641 2165; x_wconf 86' lang='grc' dir='ltr'><strong><em>ίσον</em></strong></span> <span class='ocrx_word' id='word_1_151' title='bbox 669 2101 725 2164; x_wconf 76' lang='grc' dir='ltr'><strong><em>διὰ</em></strong></span> <span class='ocrx_word' id='word_1_152' title='bbox 752 2101 875 2176; x_wconf 89' lang='grc' dir='ltr'><strong><em>παντὸς</em></strong></span> <span class='ocrx_word' id='word_1_153' title='bbox 901 2100 1091 2185; x_wconf 79' lang='grc' dir='ltr'><strong><em>ὀφθήσεται</em></strong></span> 
     </span>
     <span class='ocr_line' id='line_1_20' title="bbox 75 2203 1088 2294; baseline 0 -24"><span class='ocrx_word' id='word_1_154' title='bbox 75 2215 133 2291; x_wconf 80' lang='grc' dir='ltr'><strong><em>της</em></strong></span> <span class='ocrx_word' id='word_1_155' title='bbox 150 2209 257 2285; x_wconf 77' lang='grc' dir='ltr'><strong><em>ὄψεως</em></strong></span> <span class='ocrx_word' id='word_1_156' title='bbox 275 2206 328 2272; x_wconf 81' lang='grc' dir='ltr'><strong><em>ἐπὶ</em></strong></span> <span class='ocrx_word' id='word_1_157' title='bbox 345 2209 558 2294; x_wconf 78' lang='grc' dir='ltr'><strong><em>παραλλήλου</em></strong></span> <span class='ocrx_word' id='word_1_158' title='bbox 578 2205 734 2272; x_wconf 79' lang='grc' dir='ltr'><strong><em>ἐπιπέδου</em></strong></span> <span class='ocrx_word' id='word_1_159' title='bbox 752 2216 798 2294; x_wconf 81' lang='grc' dir='ltr'><strong><em>τῶ</em></strong></span> <span class='ocrx_word' id='word_1_160' title='bbox 815 2203 1088 2294; x_wconf 76' lang='grc' dir='ltr'><strong><em>προύποκειμένῳ</em></strong></span> 
     </span>
    </p>

    <p class='ocr_par' dir='ltr' id='par_1_7' title="bbox 20 2311 459 2400">
     <span class='ocr_line' id='line_1_21' title="bbox 20 2311 459 2400; baseline 0.007 -26"><span class='ocrx_word' id='word_1_161' title='bbox 20 2325 56 2374; x_wconf 78' lang='lat'><strong><em>20</em></strong></span> <span class='ocrx_word' id='word_1_162' title='bbox 75 2311 216 2400; x_wconf 81' lang='grc' dir='ltr'><strong><em>ἐπιπέόω</em></strong></span> <span class='ocrx_word' id='word_1_163' title='bbox 240 2314 459 2398; x_wconf 83' lang='grc' dir='ltr'><strong><em>ὑπαρχούσης.</em></strong></span> 
     </span>
    </p>

    <p class='ocr_par' dir='ltr' id='par_1_8' title="bbox 71 2415 1088 2822">
     <span class='ocr_line' id='line_1_22' title="bbox 141 2415 1088 2504; baseline 0.001 -22"><span class='ocrx_word' id='word_1_164' title='bbox 141 2422 222 2483; x_wconf 90' lang='grc' dir='ltr'><strong><em>ἐστω</em></strong></span> <span class='ocrx_word' id='word_1_165' title='bbox 246 2419 309 2504; x_wconf 82' lang='grc' dir='ltr'><strong><em>γὰρ</em></strong></span> <span class='ocrx_word' id='word_1_166' title='bbox 332 2429 451 2502; x_wconf 90' lang='grc' dir='ltr'><strong><em>κῶνος,</em></strong></span> <span class='ocrx_word' id='word_1_167' title='bbox 479 2415 520 2483; x_wconf 85' lang='grc' dir='ltr'><strong><em>οὗ</em></strong></span> <span class='ocrx_word' id='word_1_168' title='bbox 542 2419 639 2502; x_wconf 87' lang='grc' dir='ltr'><strong><em>βοίσις</em></strong></span> <span class='ocrx_word' id='word_1_169' title='bbox 661 2416 721 2504; x_wconf 80' lang='grc' dir='ltr'><strong><em>μέν</em></strong></span> <span class='ocrx_word' id='word_1_170' title='bbox 744 2420 762 2485; x_wconf 83' lang='grc' dir='ltr'>ὁ</span> <span class='ocrx_word' id='word_1_171' title='bbox 787 2422 847 2484; x_wconf 87' lang='grc' dir='ltr'><strong><em>ΓΛ</em></strong></span> <span class='ocrx_word' id='word_1_172' title='bbox 869 2419 1003 2502; x_wconf 86' lang='grc' dir='ltr'><strong><em>κύκλος,</em></strong></span> <span class='ocrx_word' id='word_1_173' title='bbox 1030 2443 1088 2483; x_wconf 86' lang='grc' dir='ltr'><strong><em>κο-</em></strong></span> 
     </span>
     <span class='ocr_line' id='line_1_23' title="bbox 74 2520 1086 2612; baseline 0.002 -24"><span class='ocrx_word' id='word_1_174' title='bbox 74 2527 165 2611; x_wconf 85' lang='grc' dir='ltr'><strong><em>ρυφη</em></strong></span> <span class='ocrx_word' id='word_1_175' title='bbox 189 2521 225 2588; x_wconf 91' lang='lat' dir='ltr'><strong><em>N</em></strong></span> <span class='ocrx_word' id='word_1_176' title='bbox 247 2526 284 2589; x_wconf 93' lang='grc' dir='ltr'><strong><em>τὸ</em></strong></span> <span class='ocrx_word' id='word_1_177' title='bbox 308 2528 337 2588; x_wconf 90' lang='grc' dir='ltr'><strong>Β</strong></span> <span class='ocrx_word' id='word_1_178' title='bbox 360 2537 509 2608; x_wconf 93' lang='grc' dir='ltr'><strong><em>σημεῖον,</em></strong></span> <span class='ocrx_word' id='word_1_179' title='bbox 533 2523 622 2609; x_wconf 92' lang='grc' dir='ltr'><strong><em>ὄμμα</em></strong></span> <span class='ocrx_word' id='word_1_180' title='bbox 646 2523 683 2589; x_wconf 92' lang='lat' dir='ltr'><strong><em>N</em></strong></span> <span class='ocrx_word' id='word_1_181' title='bbox 706 2527 743 2590; x_wconf 91' lang='grc' dir='ltr'><strong><em>τὸ</em></strong></span> <span class='ocrx_word' id='word_1_182' title='bbox 766 2528 813 2608; x_wconf 91' lang='grc' dir='ltr'><strong><em>Κ,</em></strong></span> <span class='ocrx_word' id='word_1_183' title='bbox 837 2522 896 2609; x_wconf 82' lang='grc' dir='ltr'><strong><em>ἀφ’</em></strong></span> <span class='ocrx_word' id='word_1_184' title='bbox 918 2520 959 2590; x_wconf 85' lang='grc' dir='ltr'><strong><em>οὗ</em></strong></span> <span class='ocrx_word' id='word_1_185' title='bbox 981 2538 1086 2612; x_wconf 87' lang='grc' dir='ltr'><strong><em>προσ-</em></strong></span> 
     </span>
     <span class='ocr_line' id='line_1_24' title="bbox 71 2629 1084 2716; baseline 0.002 -22"><span class='ocrx_word' id='word_1_186' title='bbox 71 2629 279 2695; x_wconf 84' lang='grc' dir='ltr'><strong><em>πιπτέτωσαν</em></strong></span> <span class='ocrx_word' id='word_1_187' title='bbox 306 2630 434 2707; x_wconf 80' lang='grc' dir='ltr'><strong><em>ἀκτῖνες</em></strong></span> <span class='ocrx_word' id='word_1_188' title='bbox 461 2632 498 2694; x_wconf 88' lang='grc' dir='ltr'><strong><em>αί</em></strong></span> <span class='ocrx_word' id='word_1_189' title='bbox 522 2635 607 2714; x_wconf 87' lang='grc' dir='ltr'><strong><em>ΚΛ,</em></strong></span> <span class='ocrx_word' id='word_1_190' title='bbox 630 2636 665 2695; x_wconf 88' lang='grc' dir='ltr'><em>Κ</em></span> <span class='ocrx_word' id='word_1_191' title='bbox 669 2636 701 2696; x_wconf 91' lang='grc' dir='ltr'><strong><em>Γ</em></strong></span> <span class='ocrx_word' id='word_1_192' title='bbox 728 2632 906 2716; x_wconf 82' lang='grc' dir='ltr'><strong><em>ἁπτόμεναι</em></strong></span> <span class='ocrx_word' id='word_1_193' title='bbox 933 2633 1016 2695; x_wconf 81' lang='grc' dir='ltr'><strong><em>κατὰ</em></strong></span> <span class='ocrx_word' id='word_1_194' title='bbox 1043 2633 1084 2696; x_wconf 74' lang='grc' dir='ltr'><strong><em>τοὶ</em></strong></span> 
     </span>
     <span class='ocr_line' id='line_1_25' title="bbox 73 2734 1084 2822; baseline 0.002 -22"><span class='ocrx_word' id='word_1_195' title='bbox 73 2740 175 2822; x_wconf 84' lang='grc' dir='ltr'><strong><em>Γ,Λ,</em></strong></span> <span class='ocrx_word' id='word_1_196' title='bbox 202 2734 257 2801; x_wconf 79' lang='grc' dir='ltr'><strong><em>καὶ</em></strong></span> <span class='ocrx_word' id='word_1_197' title='bbox 286 2736 533 2821; x_wconf 82' lang='grc' dir='ltr'><strong><em>ἐπεζεύχθωσαν</em></strong></span> <span class='ocrx_word' id='word_1_198' title='bbox 560 2737 623 2802; x_wconf 89' lang='grc' dir='ltr'><strong><em>ἀπὸ</em></strong></span> <span class='ocrx_word' id='word_1_199' title='bbox 646 2749 714 2802; x_wconf 90' lang='grc' dir='ltr'><strong><em>τῶν</em></strong></span> <span class='ocrx_word' id='word_1_200' title='bbox 737 2745 784 2822; x_wconf 87' lang='grc' dir='ltr'><strong><em>Δ,</em></strong></span> <span class='ocrx_word' id='word_1_201' title='bbox 805 2741 837 2803; x_wconf 93' lang='grc' dir='ltr'>Γ</span> <span class='ocrx_word' id='word_1_202' title='bbox 858 2741 1002 2821; x_wconf 83' lang='grc' dir='ltr'><strong><em>σημείων</em></strong></span> <span class='ocrx_word' id='word_1_203' title='bbox 1030 2736 1084 2807; x_wconf 65' lang='lat' dir='ltr'><strong><em>&amp;tl</em></strong></span> 
     </span>
    </p>
   </div>
   <div class='ocr_carea' id='block_1_3' title="bbox 17 2841 1082 2930">
    <p class='ocr_par' dir='ltr' id='par_1_9' title="bbox 17 2841 1082 2930">
     <span class='ocr_line' id='line_1_26' title="bbox 17 2841 1082 2930; baseline 0.003 -26"><span class='ocrx_word' id='word_1_204' title='bbox 17 2855 53 2905; x_wconf 80' lang='lat'><strong><em>25</em></strong></span> <span class='ocrx_word' id='word_1_205' title='bbox 71 2846 132 2929; x_wconf 81' lang='grc' dir='ltr'><strong><em>τὴν</em></strong></span> <span class='ocrx_word' id='word_1_206' title='bbox 154 2845 308 2930; x_wconf 82' lang='grc' dir='ltr'><strong><em>κορυφὴν</em></strong></span> <span class='ocrx_word' id='word_1_207' title='bbox 330 2853 390 2908; x_wconf 86' lang='grc' dir='ltr'><strong><em>τοῦ</em></strong></span> <span class='ocrx_word' id='word_1_208' title='bbox 407 2845 518 2909; x_wconf 94' lang='grc' dir='ltr'><strong><em>κώνου</em></strong></span> <span class='ocrx_word' id='word_1_209' title='bbox 541 2845 578 2908; x_wconf 85' lang='grc' dir='ltr'><strong><em>αί</em></strong></span> <span class='ocrx_word' id='word_1_210' title='bbox 594 2849 671 2928; x_wconf 85' lang='lat' dir='ltr'><strong><em>AB,</em></strong></span> <span class='ocrx_word' id='word_1_211' title='bbox 691 2847 762 2928; x_wconf 90' lang='grc' dir='ltr'><strong><em>ΓΒ,</em></strong></span> <span class='ocrx_word' id='word_1_212' title='bbox 785 2842 841 2909; x_wconf 75' lang='grc' dir='ltr'><strong><em>καὶ</em></strong></span> <span class='ocrx_word' id='word_1_213' title='bbox 862 2844 917 2907; x_wconf 75' lang='grc' dir='ltr'><strong><em>διὰ</em></strong></span> <span class='ocrx_word' id='word_1_214' title='bbox 935 2841 996 2927; x_wconf 80' lang='grc' dir='ltr'><strong><em>μὲν</em></strong></span> <span class='ocrx_word' id='word_1_215' title='bbox 1014 2855 1082 2908; x_wconf 91' lang='grc' dir='ltr'><strong><em>τῶν</em></strong></span> 
     </span>
    </p>
   </div>
   <div class='ocr_carea' id='block_1_4' title="bbox 66 3104 1081 3534">
    <p class='ocr_par' dir='ltr' id='par_1_10' title="bbox 66 3104 1081 3534">
     <span class='ocr_line' id='line_1_27' title="bbox 141 3104 1081 3179; baseline -0.003 -18"><span class='ocrx_word' id='word_1_216' title='bbox 141 3113 164 3163; x_wconf 81' lang='grc' dir='ltr'><strong><em>ὅ.</em></strong></span> <span class='ocrx_word' id='word_1_217' title='bbox 184 3107 233 3163; x_wconf 82' lang='grc' dir='ltr'><strong><em>καλ</em></strong></span> <span class='ocrx_word' id='word_1_218' title='bbox 252 3106 298 3179; x_wconf 83' lang='grc' dir='ltr'><strong><em>αἱ]</em></strong></span> <span class='ocrx_word' id='word_1_219' title='bbox 319 3123 386 3162; x_wconf 81' lang='lat' dir='ltr'>corr.</span> <span class='ocrx_word' id='word_1_220' title='bbox 407 3124 441 3161; x_wconf 86' lang='lat' dir='ltr'><strong><em>ex</em></strong></span> <span class='ocrx_word' id='word_1_221' title='bbox 459 3104 507 3162; x_wconf 78' lang='grc' dir='ltr'><strong><em>καί</em></strong></span> <span class='ocrx_word' id='word_1_222' title='bbox 525 3108 649 3162; x_wconf 80' lang='lat' dir='ltr'><strong>m.2V.</strong></span> <span class='ocrx_word' id='word_1_223' title='bbox 731 3114 753 3162; x_wconf 82' lang='lat'><strong><em>7.</em></strong></span> <span class='ocrx_word' id='word_1_224' title='bbox 776 3107 866 3177; x_wconf 86' lang='grc' dir='ltr'><strong><em>ΖΦΔ]</em></strong></span> <span class='ocrx_word' id='word_1_225' title='bbox 889 3109 965 3159; x_wconf 87' lang='grc' dir='ltr'><strong><em>ΖΦΛ</em></strong></span> <span class='ocrx_word' id='word_1_226' title='bbox 983 3124 1026 3174; x_wconf 88' lang='lat' dir='ltr'><strong><em>pv</em></strong></span> <span class='ocrx_word' id='word_1_227' title='bbox 1049 3108 1081 3159; x_wconf 73' lang='lat' dir='ltr'><strong><em>eb</em></strong></span> 
     </span>
     <span class='ocr_line' id='line_1_28' title="bbox 69 3176 1078 3251; baseline -0.001 -19"><span class='ocrx_word' id='word_1_228' title='bbox 69 3195 171 3234; x_wconf 80' lang='lat' dir='ltr'><strong>ecorr.</strong></span> <span class='ocrx_word' id='word_1_229' title='bbox 190 3180 224 3234; x_wconf 91' lang='lat' dir='ltr'><strong><em>V.</em></strong></span> <span class='ocrx_word' id='word_1_230' title='bbox 306 3184 330 3234; x_wconf 91' lang='lat'><strong><em>8.</em></strong></span> <span class='ocrx_word' id='word_1_231' title='bbox 354 3181 447 3247; x_wconf 84' lang='grc' dir='ltr'><strong><em>μεῖζον</em></strong></span> <span class='ocrx_word' id='word_1_232' title='bbox 465 3197 491 3234; x_wconf 87' lang='lat' dir='ltr'><strong><em>v.</em></strong></span> <span class='ocrx_word' id='word_1_233' title='bbox 573 3183 597 3233; x_wconf 86' lang='grc'><strong><em>9.</em></strong></span> <span class='ocrx_word' id='word_1_234' title='bbox 621 3179 670 3251; x_wconf 83' lang='grc' dir='ltr'><strong><em>τῷ]</em></strong></span> <span class='ocrx_word' id='word_1_235' title='bbox 689 3176 720 3231; x_wconf 89' lang='grc' dir='ltr'><strong><em>τό</em></strong></span> <span class='ocrx_word' id='word_1_236' title='bbox 739 3195 787 3246; x_wconf 87' lang='lat' dir='ltr'><strong><em>pv.</em></strong></span> <span class='ocrx_word' id='word_1_237' title='bbox 872 3183 913 3232; x_wconf 89' lang='lat'><strong><em>11.</em></strong></span> <span class='ocrx_word' id='word_1_238' title='bbox 938 3176 1025 3232; x_wconf 87' lang='grc' dir='ltr'><strong><em>κόνου</em></strong></span> <span class='ocrx_word' id='word_1_239' title='bbox 1044 3177 1078 3246; x_wconf 89' lang='lat' dir='ltr'><strong><em>V,</em></strong></span> 
     </span>
     <span class='ocr_line' id='line_1_29' title="bbox 69 3246 1077 3319; baseline -0.001 -15"><span class='ocrx_word' id='word_1_240' title='bbox 69 3251 119 3306; x_wconf 77' lang='lat' dir='ltr'><strong><em>sed</em></strong></span> <span class='ocrx_word' id='word_1_241' title='bbox 138 3266 205 3305; x_wconf 82' lang='lat' dir='ltr'>corr.</span> <span class='ocrx_word' id='word_1_242' title='bbox 280 3255 321 3305; x_wconf 86' lang='lat'><strong><em>14.</em></strong></span> <span class='ocrx_word' id='word_1_243' title='bbox 341 3246 494 3319; x_wconf 78' lang='grc' dir='ltr'><strong><em>ἐπιωανίας</em></strong></span> <span class='ocrx_word' id='word_1_244' title='bbox 512 3267 537 3304; x_wconf 87' lang='lat' dir='ltr'><strong><em>v.</em></strong></span> <span class='ocrx_word' id='word_1_245' title='bbox 611 3255 652 3304; x_wconf 79' lang='lat'><strong><em>15.</em></strong></span> <span class='ocrx_word' id='word_1_246' title='bbox 675 3248 828 3319; x_wconf 81' lang='grc' dir='ltr'><strong><em>ἀχθεισῶν]</em></strong></span> <span class='ocrx_word' id='word_1_247' title='bbox 848 3266 900 3302; x_wconf 89' lang='grc' dir='ltr'><strong><em>-ει-</em></strong></span> <span class='ocrx_word' id='word_1_248' title='bbox 920 3264 934 3301; x_wconf 88' lang='lat' dir='ltr'>e</span> <span class='ocrx_word' id='word_1_249' title='bbox 954 3265 1023 3303; x_wconf 85' lang='lat' dir='ltr'>corr.</span> <span class='ocrx_word' id='word_1_250' title='bbox 1042 3248 1077 3303; x_wconf 89' lang='lat' dir='ltr'><strong><em>V.</em></strong></span> 
     </span>
     <span class='ocr_line' id='line_1_30' title="bbox 105 3318 1075 3390; baseline -0.001 -16"><span class='ocrx_word' id='word_1_251' title='bbox 105 3327 145 3376; x_wconf 89' lang='grc'><strong><em>16.</em></strong></span> <span class='ocrx_word' id='word_1_252' title='bbox 169 3322 243 3374; x_wconf 74' lang='grc' dir='ltr'><strong><em>Αωῖε</em></strong></span> <span class='ocrx_word' id='word_1_253' title='bbox 262 3318 382 3375; x_wconf 75' lang='grc' dir='ltr'><strong><em>ἐπίπεδα</em></strong></span> <span class='ocrx_word' id='word_1_254' title='bbox 404 3337 457 3375; x_wconf 76' lang='lat' dir='ltr'>ras.</span> <span class='ocrx_word' id='word_1_255' title='bbox 477 3327 493 3374; x_wconf 79' lang='lat'>2</span> <span class='ocrx_word' id='word_1_256' title='bbox 513 3319 567 3374; x_wconf 74' lang='lat' dir='ltr'>litt.</span> <span class='ocrx_word' id='word_1_257' title='bbox 587 3320 620 3374; x_wconf 90' lang='lat' dir='ltr'><strong><em>V.</em></strong></span> <span class='ocrx_word' id='word_1_258' title='bbox 713 3325 753 3375; x_wconf 87' lang='lat'><strong><em>19.</em></strong></span> <span class='ocrx_word' id='word_1_259' title='bbox 778 3319 967 3390; x_wconf 85' lang='grc' dir='ltr'><strong><em>παραλλήλου]</em></strong></span> <span class='ocrx_word' id='word_1_260' title='bbox 987 3336 1075 3388; x_wconf 80' lang='lat' dir='ltr'>comp.</span> 
     </span>
     <span class='ocr_line' id='line_1_31' title="bbox 66 3390 1076 3461; baseline -0.003 -15"><span class='ocrx_word' id='word_1_261' title='bbox 66 3390 152 3461; x_wconf 85' lang='lat' dir='ltr'><strong><em>va,</em></strong></span> <span class='ocrx_word' id='word_1_262' title='bbox 177 3391 305 3446; x_wconf 79' lang='lat' dir='ltr'><strong>omnibus</strong></span> <span class='ocrx_word' id='word_1_263' title='bbox 324 3391 427 3445; x_wconf 74' lang='lat' dir='ltr'><strong>litteris</strong></span> <span class='ocrx_word' id='word_1_264' title='bbox 446 3391 581 3460; x_wconf 81' lang='lat' dir='ltr'><strong>scriptum</strong></span> <span class='ocrx_word' id='word_1_265' title='bbox 600 3391 664 3447; x_wconf 80' lang='lat' dir='ltr'>add.</span> <span class='ocrx_word' id='word_1_266' title='bbox 683 3409 719 3445; x_wconf 92' lang='lat' dir='ltr'><strong><em>m.</em></strong></span> <span class='ocrx_word' id='word_1_267' title='bbox 740 3407 793 3445; x_wconf 85' lang='lat' dir='ltr'>reo.</span> <span class='ocrx_word' id='word_1_268' title='bbox 814 3391 846 3445; x_wconf 82' lang='lat' dir='ltr'><strong><em>V.</em></strong></span> <span class='ocrx_word' id='word_1_269' title='bbox 920 3396 961 3445; x_wconf 80' lang='lat'><strong><em>24.</em></strong></span> <span class='ocrx_word' id='word_1_270' title='bbox 982 3395 1016 3459; x_wconf 84' lang='grc' dir='ltr'><strong><em>Δ,</em></strong></span> <span class='ocrx_word' id='word_1_271' title='bbox 1033 3391 1076 3460; x_wconf 84' lang='grc' dir='ltr'><strong><em>Γ]</em></strong></span> 
     </span>
     <span class='ocr_line' id='line_1_32' title="bbox 67 3461 542 3534; baseline 0 -17"><span class='ocrx_word' id='word_1_272' title='bbox 67 3466 184 3532; x_wconf 76' lang='grc' dir='ltr'><strong><em>Γ,Δρ.</em></strong></span> <span class='ocrx_word' id='word_1_273' title='bbox 258 3467 300 3518; x_wconf 74' lang='grc'><strong><em>25.</em></strong></span> <span class='ocrx_word' id='word_1_274' title='bbox 320 3461 488 3534; x_wconf 55' lang='lat' dir='ltr'><strong><em>camurae.</em></strong></span> <span class='ocrx_word' id='word_1_275' title='bbox 508 3462 542 3517; x_wconf 87' lang='lat' dir='ltr'><strong><em>V.</em></strong></span> 
     </span>
    </p>
   </div>
   <div class='ocr_carea' id='block_1_5' title="bbox 0 0 1172 3788">
    <p class='ocr_par' dir='ltr' id='par_1_11' title="bbox 0 0 1172 3788">
     <span class='ocr_line' id='line_1_33' title="bbox 0 0 1172 3788; baseline 0 2"><span class='ocrx_word' id='word_1_276' title='bbox 0 0 1172 3788; x_wconf 95' lang='lat' dir='ltr'><strong><em> </em></strong></span> 
     </span>
    </p>
   </div>
  </div>
 </body>
</html>
