2334 3788
109 110 172 175 146
317 112 526 165 OPTIGORUM
544 112 723 165 RECENSIO
741 114 908 165 THEONIS.

108 256 168 332 τοῖς
195 255 298 332 σκιοίς.
344 259 473 340 μείζους
500 252 537 320 δὲ
564 267 631 321 τῶν
659 256 820 340 σωμάτων
848 258 885 320 αί
910 259 1002 321 σκιαί
1023 258 1120 340 είσιν,

107 363 189 427 όταν
211 363 251 426 τὰ
270 366 453 447 φωτίζοντα
476 364 566 448 πυροὶ
585 361 746 428 ἐλάσσονα
764 357 798 449 ᾖ·
823 363 881 439 τὰς
899 363 961 448 γαρ
982 361 1120 447 ἐσχάτας

107 468 242 545 ἀκτῖνας
265 467 318 534 ε’πὶ
338 471 466 534 τούτων
490 467 712 546 έξαπλοῦσθαι
736 473 910 553 συμβαίνει
933 467 989 533 καὶ
1007 471 1118 552 μεῖζον

106 577 143 641 τὸ
167 578 380 660 σκιαζόμενον
398 573 496 661 μέρος
515 575 697 640 ἀποτελεῖν
722 574 880 640 οὐδέποτε
903 573 936 639 δ’
957 574 999 639 ἂν
1018 583 1117 639 τοῦτο

71 690 88 738 5
107 680 314 765 συνέβαινεν,
336 683 367 746 εί
383 682 427 765 μή
446 683 483 746 αί
500 680 563 746 ἀπὸ
583 691 642 745 τοῦ
665 682 771 767 πυρὸς
789 684 969 767 φερόμεναι
988 680 1118 756 ἀκτῖνες

106 787 156 854 ἐπ’
178 789 311 864 εὐθείας
332 785 499 874 ἐφέροντο.
537 786 760 872 ἐκφανέστατα
780 784 816 853 δὲ
835 789 963 853 τούτων
981 787 1117 852 πάντων

105 905 203 960 τοῦτο
232 893 284 960 ε’πὶ
312 905 380 958 τῶν
404 905 673 970 κατασκευαστῖις
699 892 884 979 γινομένων
911 899 1117 979 θεωρεῖσθαι

106 1005 289 1086 συμβαίνει.
350 1002 474 1085 λύχνου
506 1001 569 1085 γὰρ
602 1000 864 1084 ὁπωσύηποτοῦν
900 998 1053 1084 κειμένου
1087 1001 1118 1064 εί

104 1111 303 1194 προστεθείη
327 1108 432 1195 τούτιμ
453 1111 593 1190 πτυχίον
611 1109 686 1190 ἔχον
705 1105 864 1191 έπιτομὴν
882 1112 1002 1172 λεπτοῦ
1021 1128 1116 1192 πριο-

52 1229 86 1277 10
105 1219 195 1298 νίου,
223 1216 305 1279 ὥστε
328 1212 383 1278 καὶ
405 1214 466 1296 τήν
489 1212 648 1296 ἐπιτομήν
674 1215 756 1278 κατὰ
779 1212 880 1298 μέσου
906 1223 966 1278 τοῦ
990 1215 1115 1297 λύχνου

104 1325 245 1403 πίπτειν,
264 1329 309 1408 τῷ
325 1317 362 1385 δὲ
380 1323 505 1408 πτυχίςο
525 1320 630 1407 τούτῳ
650 1321 732 1383 κατὰ
746 1321 786 1384 τὰ
800 1317 893 1405 ἕτερα
911 1318 993 1405 μέρη
1010 1341 1115 1405 παρα-

104 1430 215 1510 τεθείη
239 1432 379 1510 πτυχίον
402 1430 528 1510 ἔγγιον,
559 1419 585 1515 ᾧ
608 1438 839 1511 προσπεσεῖται
862 1427 882 1510 η
906 1427 990 1510 αὐγὴ
1014 1425 1034 1508 η
1059 1425 1115 1490 διὰ

104 1542 163 1616 τής
199 1531 336 1617 έντομής
368 1531 547 1619 φερομένη,
583 1532 714 1608 πάντως
750 1534 811 1616 τήν
842 1536 1115 1619 προσπίπτουσαν

105 1640 212 1723 αὐγήν
252 1649 298 1728 τῷ
335 1643 460 1727 πτυχίφ
498 1639 645 1716 εὐθείαις
681 1651 844 1725 γραμμαῖς
880 1637 1115 1725 περιεχομένην

53 1759 87 1808 15
106 1745 288 1832 εὑρήσομεν
319 1744 375 1810 καὶ
402 1747 462 1829 τήν
490 1744 768 1828 έπιζευγνύουσαν
800 1748 837 1810 τό
865 1769 899 1810 τε
926 1744 1027 1829 μέσον
1054 1753 1114 1809 τοῦ

105 1853 230 1936 λύχνου
253 1851 308 1917 καὶ
331 1855 392 1936 τήν
416 1852 556 1936 ἐντομήν
578 1862 638 1917 τοῦ
661 1856 801 1936 πτυχίου
825 1853 906 1916 κατὰ
930 1853 990 1935 τήν
1010 1851 1115 1935 αὐτην

105 1959 242 2024 εὐθεῖαν
266 1955 379 2025 οὐσαν.

173 2064 332 2152 ἐναργοῦς
353 2062 415 2132 οὐν
438 2064 534 2142 ὄντος
551 2076 621 2151 τοῦ,
645 2067 694 2132 ὅτι
713 2075 780 2130 πᾶν
798 2076 871 2150 φῶς
888 2063 959 2129 κατ’
977 2064 1115 2129 εὐθεῖαν

105 2174 259 2257 γραμμήν
281 2172 430 2259 φέρεται,
457 2171 512 2237 καὶ
535 2182 614 2238 πᾶσι
636 2174 805 2258 προδήλου
828 2174 1037 2256 μεταβαίνειν
1061 2169 1114 2236 ἐπὶ

52 2276 1114 2362 wmwfflmefflfflmmwmm

75 2464 82 2473 =
104 2382 159 2448 καὶ
178 2384 351 2468 ὁμολογεῖν
368 2383 440 2449 κατ’
461 2385 594 2462 εὐθείας
612 2384 774 2470 φέρεσθαι
793 2385 943 2470 γραμμὰς
960 2382 1016 2448 καὶ
1034 2385 1113 2448 ταύ-

105 2513 164 2566 τας
186 2489 223 2579 έν
246 2492 457 2574 διαστήμασι,
489 2489 544 2555 καὶ
576 2493 631 2556 διὰ
664 2500 761 2556 τοῦτο
788 2488 871 2576 μηδὲ
898 2491 938 2554 τὰ
961 2490 1113 2576 ὁρώμενα

104 2598 170 2680 ἅμα
190 2597 249 2661 ὐλα
268 2597 422 2683 ὁρᾶσθαι,
440 2596 628 2681 ὑπόμνησιν
642 2596 754 2684 φέρων
768 2599 937 2680 τοιαύτην·
956 2596 1115 2672 πολλάκις

104 2703 167 2787 γὰρ
195 2705 333 2786 βελόνης
363 2705 383 2786 ή
410 2726 501 2780 τινος
532 2706 684 2769 τοιούτου
718 2702 830 2791 ἑτέρου
862 2706 1029 2788 σωματίου
1062 2702 1113 2767 έκ-

52 2817 87 2867 25
106 2807 261 2894 ριφέντος
288 2813 335 2886 είς
361 2811 398 2875 τὸ
422 2811 544 2895 ἔδαφος
570 2814 821 2897 φιλοτιμότερόν
843 2834 931 2886 τινες
953 2809 1113 2896 προσεκό-

103 2919 208 2979 θισαν
229 2924 269 3000 τή
293 2917 419 2998 ζητήσει
446 2914 501 2980 καὶ
524 2918 583 2981 τὸν
606 2916 708 2981 αὐτὸν
730 2919 833 2981 τόπον
855 2917 1012 2992 πολλάκις
1036 2915 1112 3000 έμοί-

104 3037 225 3085 τευσαν
239 3020 376 3098 οὐδενὸς
391 3019 675 3107 έπιπροσθοῦντος
688 3031 733 3109 τῷ
745 3020 929 3109 ζητουμένην
945 3025 1112 3110 σωματίφ·

175 3254 199 3302 2.
220 3247 381 3318 φωτίζωντα
394 3248 427 3316 V,
448 3248 497 3301 sed
515 3264 584 3302 corr.
658 3254 681 3302 ό.
702 3247 865 3320 συμβαίνειν
883 3268 909 3318 p.
972 3249 1021 3320 μή]
1041 3266 1111 3304 corr.

104 3335 138 3372 ex
157 3317 187 3387 μί
205 3337 231 3374 v.
322 3325 346 3374 9.
368 3318 437 3390 ἔχων
455 3336 481 3387 ν,
501 3320 550 3373 sed
569 3336 636 3374 corr.
724 3326 764 3373 11.
784 3317 907 3391 πίπτειν]
927 3342 944 3375 ν
962 3320 992 3372 in
1011 3338 1064 3374 ras.
1084 3339 1110 3389 v,

101 3389 168 3444 add.
188 3408 223 3444 m.
243 3407 296 3445 rec.
315 3391 349 3445 V.
430 3395 470 3443 12.
491 3387 618 3461 πτυγίον]
639 3408 721 3460 supra
741 3408 791 3445 ser.
811 3389 929 3446 πυκτίον
947 3410 983 3448 m.
1003 3408 1057 3445 rec.
1076 3391 1109 3444 V.

141 3459 249 3530 ἔγγειον
259 3462 292 3531 V,
308 3479 375 3516 corr.
386 3479 422 3515 m.
433 3477 486 3515 rec.
543 3467 583 3516 13.
603 3460 708 3525 πόντος
722 3481 748 3531 v,
763 3478 830 3517 corr.
841 3480 876 3516 m.
889 3469 912 3516 2.
969 3469 1010 3518 16.
1025 3460 1111 3533 κατά]
