2334 3788
105 136 171 201 208
315 136 525 189 OPTIOORUM
543 134 722 188 REOENSIO
741 134 907 187 THEONIS.

106 281 268 347 ἐλάσσονα
295 283 396 363 λόγον
423 283 502 364 ἕχει,
530 274 571 344 οὗ
594 281 660 362 ἔχει
685 277 707 361 ή
731 281 791 342 ΓΑ
817 279 900 364 πρὸς
922 282 1002 342 ΑΒ·
1035 277 1122 342 ὥστε

106 387 126 470 ή
151 390 211 452 ΓΑ
231 387 315 472 πρὸς
338 391 404 451 ΑΒ
431 389 562 471 μείζονα
584 388 686 467 λόγον
713 387 777 468 ἔχει
800 386 882 471 ήκερ
906 384 926 467 ή
951 389 1013 449 ΖΑ
1035 385 1122 469 πρὸς

107 498 185 558 ΑΒ.
212 495 405 576 πεποιήσθω
422 488 495 576 οὖν,
514 493 559 569 ὡς
576 490 596 575 ή
613 495 672 556 ΓΑ
965 512 998 566 Β

107 601 190 684 πρὸς
212 604 293 684 ΑΒ,
321 599 427 675 οὕτως
451 598 471 682 ἡ
497 603 563 663 ΖΑ
589 600 673 685 πρὸς

71 705 269 771 σέλοίσσονα
305 714 363 789 τής
395 698 462 770 ΑΒ
496 707 557 789 τήν
589 711 671 770 ΑΛ·
729 685 760 737 Γ
874 694 896 750 Δ

108 813 267 895 ἰσογώνια
290 813 354 897 ἄρα
378 809 447 876 ἐστὶ
466 812 507 875 τδι
525 814 672 896 τρίγωνα

106 919 147 983 τδι
184 922 293 1002 ΒΓΑ,
325 923 438 983 ΔΖΑ.
498 919 582 983 ὥστε
619 924 672 1001 ίση

108 1023 198 1091 ἐστίν
229 1024 250 1108 ή
282 1025 347 1090 ὑπὸ
376 1027 471 1089 ΓΑΒ
502 1027 607 1108 γωνία
633 1034 673 1110 τή

107 1131 172 1196 ὑπὸ
194 1137 296 1196 ΖΑΔ.
335 1134 454 1216 μείζων
476 1132 542 1217 ἄρα
564 1129 584 1213 ή
607 1129 673 1196 ὑπὸ

55 1251 89 1299 10
110 1242 208 1301 ΖΑΒ
232 1240 336 1320 γωνία
359 1247 417 1321 τής
438 1237 503 1302 ὑπὸ
530 1240 637 1302 ΓΑΒ.
723 1263 744 1312 z
1080 1245 1115 1302 A

164 1449 272 1516 Ἔστω
300 1452 421 1527 κύκλος
443 1451 461 1516 ὁ
485 1453 633 1534 ΑΓΒΔ,
659 1447 714 1513 καὶ
742 1449 936 1532 διήχθωσαν
963 1447 1025 1511 δύο
1049 1446 1122 1510 διοί-

108 1578 220 1641 μετροι
251 1558 289 1621 αί
313 1561 395 1641 ΑΒ,
419 1560 480 1621 ΓΔ
511 1555 690 1640 τέμνουσαι
716 1554 859 1639 ἀλλήλας
890 1555 973 1640 πρὸς
1005 1554 1121 1640 ὀρθιίς,

109 1665 196 1747 ὄμμα
215 1660 261 1728 ’δὲ
288 1665 370 1728 έστω
398 1665 435 1729 τὸ
463 1668 507 1748 E,
540 1660 598 1747 ἀφ’
625 1657 665 1727 οὗ
694 1661 715 1745 ή
743 1659 796 1726 έκί
823 1663 860 1726 τὸ
887 1659 1026 1746 κέντρον
1053 1660 1122 1726 ἐπι-

110 1768 309 1854 ζευγνυμένη
332 1769 352 1853 ή
377 1775 439 1833 ΕΖ
462 1770 546 1855 πρὸς
568 1768 675 1855 ὀρθδις
697 1765 757 1853 μὲν
780 1770 862 1833 ἔστω
885 1777 925 1854 τῇ
945 1769 1016 1852 ΓΛ,
1038 1769 1123 1853 πρὸς

56 1888 90 1936 15
110 1873 147 1940 δέ
173 1877 235 1959 τήν
257 1880 324 1940 ΑΒ
350 1883 518 1959 τυχοῦσαν
545 1878 672 1958 γωνίαν
698 1872 885 1961 τιεριεχέτω,
917 1871 973 1939 καὶ
995 1874 1122 1958 έστωή

110 1988 173 2047 ΕΖ
201 1980 355 2068 ἑκατέρας
381 1993 449 2046 τῶν
476 1981 513 2046 ἐκ
539 1991 599 2047 τοῦ
625 1981 765 2068 κέντρου
793 1984 918 2066 μείζων.
965 1980 1034 2046 ἐπεὶ
1060 1978 1123 2048 οὖν

109 2088 129 2170 ή
155 2092 215 2153 ΓΔ
248 2086 383 2175 ἑκατέρα
409 2099 477 2152 τῶν
504 2093 582 2172 ΑΒ,
605 2093 668 2153 ΕΖ
700 2087 769 2152 έστι
800 2089 884 2174 πρὸς
914 2087 1034 2173 ὀρθοίς,
1067 2086 1122 2153 καὶ

109 2194 217 2258 πάντα
244 2197 308 2281 ἄρα
335 2195 375 2258 τδι
402 2195 459 2258 διδι
487 2204 545 2278 τῆς
574 2198 634 2260 ΓΔ
661 2193 798 2259 έιιίπεδα
826 2193 1048 2278 ἐκβαλλόμενα
1077 2205 1122 2283 τῷ

111 2299 167 2362 διδι
189 2310 257 2364 τῶν
280 2305 357 2383 ΕΖ,
375 2304 441 2364 ΑΒ
465 2299 606 2388 ἐπιπέδῳ
634 2302 716 2387 πρὸς
743 2300 850 2386 ὀρθάς
877 2300 976 2365 ε’στιν.
1026 2302 1121 2384 ήχθω

56 2419 92 2468 20
111 2401 174 2470 οὖν
196 2405 259 2469 ιἰιιὸ
283 2415 343 2470 τοῦ
366 2412 398 2470 E
423 2410 559 2491 σημείου
587 2405 640 2471 εἰιὶ
666 2409 703 2471 τὸ
727 2407 944 2491 ὑποκείμενον
966 2405 1122 2472 έκίτιεδον

110 2510 263 2586 κάθετος·
296 2509 349 2576 ἐπὶ
375 2514 437 2596 τήν
464 2514 580 2596 κοινήν
607 2514 671 2599 ἄρα
698 2515 802 2597 τομήν
828 2516 939 2578 τίκτει
963 2524 1031 2578 τῶν
1054 2513 1122 2577 εἰιι-

110 2615 222 2682 ιιέδων
248 2618 310 2700 τήν
334 2622 409 2682 ΑΒ.
459 2617 600 2684 πιπτέτω
629 2615 691 2684 οὖν
717 2617 773 2684 καὶ
800 2622 881 2684 ἔστω
908 2619 928 2702 ή
954 2623 1036 2704 ΕΚ,
1067 2618 1123 2685 καὶ

112 2725 240 2808 διήχθω
265 2724 439 2811 διάμετρος
456 2725 476 2808 ή
495 2729 535 2789 Η
538 2731 575 2809 (δ,
597 2724 653 2790 καὶ
675 2728 799 2790 κείσθω
822 2736 862 2812 τῇ
880 2724 1043 2814 διαμέτρῳ
1062 2735 1122 2791 τοῦ

111 2832 235 2895 κύκλου
264 2836 318 2914 ίοή
345 2831 365 2913 ή
394 2836 475 2896 ΛΜ
500 2831 555 2896 καὶ
586 2834 758 2917 τετμήσθω
791 2833 868 2916 δίχα
898 2833 981 2896 κατδι
1013 2835 1050 2897 τὸ
1078 2838 1122 2916 Ν,

184 3135 208 3183 3.
232 3127 404 3184 πεποιείσθω
423 3147 448 3184 v,
540 3135 564 3184 5.
589 3132 656 3202 ΑΔ]
681 3146 749 3184 corr.
770 3135 871 3183 exAB
890 3149 926 3184 m.
947 3137 961 3185 1
981 3131 1014 3185 V.
1098 3137 1122 3185 6.

113 3197 187 3255 ἐστίν
205 3200 261 3253 Vv.
336 3206 358 3255 7.
380 3201 470 3272 ΒΓΑ]
489 3206 511 3255 Α
531 3218 599 3255 corr.
619 3218 653 3255 ex
671 3207 696 3255 Δ
714 3219 750 3256 m.
765 3217 818 3255 rec.
834 3201 867 3256 V.
941 3207 965 3256 9.
985 3204 1079 3270 μεῖζον
1097 3221 1123 3254 v.

151 3277 191 3326 10.
214 3275 288 3324 ΖΑΒ
321 3277 463 3325 Recorr.
478 3291 515 3326 m.
530 3289 583 3326 rec.
598 3272 631 3326 V.
688 3277 728 3326 11.
749 3272 779 3341 μ’
795 3272 875 3340 va,
895 3272 948 3326 del.
969 3291 994 3328 v.
1050 3274 1124 3326 Ante

112 3343 165 3396 δύο
185 3357 254 3395 eras.
275 3273 306 3396 οδ
323 3343 356 3399 V.
435 3348 476 3399 17.
497 3343 570 3398 ἐστιν
589 3343 645 3397 Vv.
727 3349 769 3398 20.
789 3343 858 3396 Post
876 3341 990 3412 σημείου
1010 3345 1075 3399 add.
1095 3343 1125 3396 in

113 3412 207 3466 media
225 3413 301 3466 linea
320 3445 354 3454 -
373 3413 428 3468 Vv.
511 3420 553 3469 23.
575 3419 604 3468 Η
609 3416 644 3486 Θ]
664 3431 732 3469 corr.
753 3430 787 3468 ex
807 3418 862 3470 ΕΘ
881 3416 914 3470 V.
994 3421 1037 3470 24.
1056 3415 1126 3469 Post

110 3488 181 3537 AM
195 3484 247 3539 del.
268 3485 338 3554 πρὸς
357 3483 448 3554 ὀρθάς
465 3504 492 3556 p.
