2324 3788
419 115 590 168 EUCLIDIS
610 115 747 167 ΟΡΤΙΟΔ.
1047 113 1090 179 35

76 260 160 344 dice,
183 258 337 343 qnoniam
355 260 396 342 by
417 258 571 343 periferia
592 261 682 323 reeta
706 262 847 342 apparet.
883 258 989 323 iaceat
1006 259 1090 344 peri-

76 365 176 430 feriae
202 370 349 430 centrum
373 365 480 450 sitque
503 365 537 450 k,
565 368 597 428 et
621 364 861 450 coniungantur
883 364 938 450 ab,
960 365 1019 451 kd,
1041 366 1091 452 ke,

74 472 130 554 kz,
157 471 209 557 ki,
235 471 285 556 kt,
310 471 361 554 kp.
417 471 572 554 qnoniam
603 493 681 556 ergo
708 470 751 563 leb
783 471 843 534 sub
874 471 994 556 angulo
1021 471 1089 537 tab

73 579 206 642 uidetur
229 582 262 642 et
283 578 331 642 kd
352 578 412 642 snb
436 578 556 663 angulo
579 577 662 661 laad,
690 577 795 641 maior
817 598 895 662 ergo
920 579 1090 662 apparebit

73 685 117 749 ab
146 707 245 769 quam
266 684 314 748 kd
341 689 374 748 et
396 683 443 749 kd
468 705 565 767 quam
592 682 632 747 ke
659 687 691 748 et
719 683 759 748 ke
786 706 884 768 qnam
907 683 961 767 ka,
989 688 1022 748 et
1050 707 1089 749 ex
1125 697 1130 743 ε

73 790 179 855 altera
201 795 294 875 parte
317 790 361 873 kp
384 790 516 874 quidem
541 812 638 874 quam
656 789 694 854 kt
715 794 748 854 et
766 789 804 854 kt
826 812 922 874 quam
940 790 978 854 aa·
1001 795 1034 855 et
1051 791 1090 855 la·

74 919 174 981 qnam
197 897 239 962 ka
266 896 370 961 maior
397 901 541 981 apparet.
592 901 625 961 et
651 900 785 981 propter
812 896 875 961 hoe
903 917 921 961 τ
947 901 1113 981 punctus

72 1004 149 1087 plus
163 1003 294 1068 uidetur
309 1003 569 1088 appropinquare
588 1003 628 1066 ad
642 1008 790 1067 centrum
805 1024 931 1086 quame
948 1008 1088 1088 punctus
1116 992 1120 1079 ἶ

72 1115 108 1174 et
132 1130 147 1174 e
170 1109 268 1193 qnam
286 1111 309 1174 d
329 1114 362 1174 et
380 1111 403 1173 d
424 1130 522 1193 quam
540 1110 566 1172 b.
605 1132 703 1194 quare
726 1110 762 1172 in
785 1110 975 1194 apparentia
997 1106 1117 1175 ῑιὶειιεῑ

73 1215 200 1299 aliquid
222 1216 351 1280 tollitur
374 1216 413 1280 de
437 1216 506 1280 eius
530 1215 744 1280 connexitate.
1096 1202 1130 1277 ΓΙ(

142 1445 258 1510 Aliter.
303 1447 459 1530 possibile
493 1451 543 1511 est
574 1451 683 1511 autem
716 1451 748 1511 et
780 1446 816 1510 in
846 1447 928 1530 ipsis
960 1446 1086 1511 uisibus

72 1555 188 1619 eadem
212 1553 324 1618 dicere.
372 1553 526 1636 qnoniam
553 1552 639 1616 enim
667 1553 802 1616 minima
829 1553 973 1638 quidem,
1005 1575 1086 1637 quae

68 1661 162 1725 inter
184 1681 206 1723 a
234 1659 363 1724 oculum
391 1663 424 1723 et
452 1659 660 1743 diametrum,
692 1682 818 1743 semper
841 1664 949 1724 autem
973 1681 1087 1744 appro-

69 1766 227 1852 pinquior
255 1766 284 1830 ei
313 1766 420 1829 minor
448 1787 497 1849 ea,
531 1787 612 1849 quae
638 1764 784 1850 longius,
815 1765 881 1829 ista
907 1786 984 1829 uero
1013 1786 1086 1830 eon-

69 1873 205 1957 tingant
235 1877 267 1936 et
296 1872 425 1936 catheto
454 1893 550 1954 super
578 1893 649 1935 eam
677 1871 835 1935 existente
863 1891 920 1954 aa,
951 1875 1086 1954 propter
1104 1887 1130 1934 1t

68 1980 135 2043 hoe
158 1978 364 2063 phantasiam
386 1981 493 2042 rectae
517 1976 639 2041 emittit
660 1976 822 2061 periferia‚
844 1977 983 2041 maxime
1003 1999 1085 2061 qnae

70 2109 91 2150 a
120 2084 212 2168 plure
241 2088 374 2169 apparet
396 2083 518 2168 spatio,
543 2083 628 2146 unde
651 2083 891 2148 connexitatem
920 2105 987 2148 non
1015 2107 1086 2168 per-

69 2191 220 2275 cipimus.
266 2195 399 2274 propter
427 2190 513 2273 quod
539 2210 607 2253 non
629 2189 768 2254 multum
792 2194 939 2255 extentae
969 2192 1084 2256 cordae

145 2512 170 2560 3.
189 2509 335 2562 Aatekab
353 2524 407 2562 ras.
422 2512 438 2560 1
455 2508 506 2561 litt.
521 2507 559 2560 D.
615 2511 639 2559 9.
654 2507 752 2578 quare]
768 2508 799 2560 ia
812 2524 867 2563 raa.
880 2508 919 2574 D,
933 2510 965 2562 ia
978 2526 1029 2578 my.
1045 2524 1081 2576 qe.
1128 2479 1129 2482 Ἴ

108 2584 151 2633 13.
172 2577 341 2648 approqnior
358 2578 396 2633 D.
470 2583 512 2631 16.
532 2576 644 2631 emittet
661 2577 700 2644 D,
718 2579 764 2632 sed
783 2595 850 2632 corr.

924 2763 1082 2770 —u-————.

67 2903 127 2969 Bv,
147 2902 177 2954 et
194 2899 268 2968 Vat,
288 2915 356 2953 corr.
375 2916 411 2952 m.
431 2903 455 2952 2.
540 2903 581 2952 12.
601 2897 668 2969 aas]
689 2914 741 2952 om.
760 2898 881 2952 Vat.¹m.
964 2904 1004 2952 13.
1024 2908 1081 2967 μεῖ-

66 2976 119 3039 ζον
137 2989 163 3024 v.
237 2976 279 3024 16.
299 2972 392 3038 μεῖζον
410 2988 436 3023 v,
510 2974 551 3023 17.
569 2977 618 3039 τῆς
649 2986 701 3024 om.
721 2987 747 3022 v.
811 2967 944 3041 κάθετος]
964 2986 1032 3024 corr.
1047 2986 1082 3023 ex

67 3040 196 3100 καθέτου
214 3041 253 3109 V3
271 3041 374 3095 lacuna
388 3043 438 3094 est.
499 3040 595 3094 ἐστιΒ
628 3043 730 3094 atvm.
805 3045 845 3094 19.
866 3040 964 3162 tatas}
981 3043 1081 3164 postea

67 3114 135 3170 add.
155 3113 189 3180 V,
209 3130 262 3167 om.
281 3131 318 3166 m.
373 3117 415 3166 20.
435 3110 483 3166 κδ’
503 3111 567 3165 add.
586 3111 681 3166 VVat.
736 3116 778 3166 21.
797 3110 867 3165 Post
885 3111 927 3166 ὅτι
965 3111 1079 3180 epV.

103 3186 139 3257 A]
166 3190 236 3238 τεΑ
259 3184 365 3252 Rvet,
393 3202 423 3237 τε
445 3201 472 3237 v.
562 3189 604 3236 2⁶2.
634 3181 739 3254 ἔγγιον]
764 3198 833 3236 corr.
857 3198 890 3235 ex
915 3181 1022 3251 ἔγγειον
1045 3181 1079 3236 V.

104 3254 225 3310 ἐλάττων
256 3271 324 3308 corr.
344 3271 378 3308 ex
396 3251 494 3322 μείζων
512 3271 548 3308 m.
569 3260 584 3307 2
603 3253 636 3307 V.
713 3253 869 3325 ἀπώτερον]
889 3252 1027 3322 ἀπότερον
1045 3252 1079 3307 V.

104 3333 148 3381 23.
174 3326 224 3381 ἐάν
255 3342 308 3380 om.
328 3326 452 3380 BVat.V.
543 3330 585 3378 25.
607 3325 754 3378 ἀποστελεῖ
770 3342 805 3377 m.
896 3321 961 3395 καί]
981 3340 1033 3378 om.
1053 3343 1079 3393 v,

66 3417 104 3453 m.
125 3404 142 3452 2
161 3397 234 3452 Vat·
310 3403 352 3452 27.
372 3395 549 3468 κυρτότητας]
567 3395 688 3464 primum
705 3414 721 3448 τ
739 3395 770 3447 in
787 3411 841 3448 ras.
861 3395 894 3464 V,
918 3394 1083 3463 κυριότητος

67 3469 124 3540 Bv,
144 3470 174 3522 et
190 3469 264 3538 Vae,
283 3469 333 3522 sed
351 3485 420 3523 corr.
493 3466 531 3540 οἱ]
549 3467 568 3538 ἡ
587 3484 612 3522 v.

909 3556 946 3609 *ὁ*
