<?xml version="1.0" encoding="UTF-8"?>
<!DOCTYPE html PUBLIC "-//W3C//DTD XHTML 1.0 Transitional//EN"
    "http://www.w3.org/TR/xhtml1/DTD/xhtml1-transitional.dtd">
<html xmlns="http://www.w3.org/1999/xhtml" xml:lang="en" lang="en">
 <head>
  <title>
</title>
<meta http-equiv="Content-Type" content="text/html;charset=utf-8" />
  <meta name='ocr-system' content='tesseract 3.04.00' />
  <meta name='ocr-capabilities' content='ocr_page ocr_carea ocr_par ocr_line ocrx_word'/>
</head>
<body>
  <div class='ocr_page' id='page_1' title='image "./euclidisoperaom13unkngoog_0239.png"; bbox 0 0 2334 3788; ppageno 0'>
   <div class='ocr_carea' id='block_1_1' title="bbox 76 104 882 169">
    <p class='ocr_par' dir='ltr' id='par_1_1' title="bbox 76 104 882 169">
     <span class='ocr_line' id='line_1_1' title="bbox 76 104 882 169; baseline -0.006 -8"><span class='ocrx_word' id='word_1_1' title='bbox 76 104 141 169; x_wconf 78' lang='grc'><strong><em>158</em></strong></span> <span class='ocrx_word' id='word_1_2' title='bbox 287 106 500 158; x_wconf 80' lang='lat' dir='ltr'>OPTICORUM</span> <span class='ocrx_word' id='word_1_3' title='bbox 518 106 696 159; x_wconf 76' lang='lat' dir='ltr'><strong>REOENSIO</strong></span> <span class='ocrx_word' id='word_1_4' title='bbox 712 105 882 158; x_wconf 54' lang='lat' dir='ltr'>THEONI&amp;</span> 
     </span>
    </p>
   </div>
   <div class='ocr_carea' id='block_1_2' title="bbox 20 246 1091 1860">
    <p class='ocr_par' dir='ltr' id='par_1_2' title="bbox 20 246 1091 1860">
     <span class='ocr_line' id='line_1_2' title="bbox 141 246 1090 335; baseline -0.001 -22"><span class='ocrx_word' id='word_1_5' title='bbox 141 252 222 314; x_wconf 79' lang='grc' dir='ltr'><strong><em>ἔστω</em></strong></span> <span class='ocrx_word' id='word_1_6' title='bbox 256 251 318 335; x_wconf 84' lang='grc' dir='ltr'><strong><em>γάρ</em></strong></span> <span class='ocrx_word' id='word_1_7' title='bbox 347 251 434 334; x_wconf 92' lang='grc' dir='ltr'><strong><em>ὄμμα</em></strong></span> <span class='ocrx_word' id='word_1_8' title='bbox 462 246 523 333; x_wconf 71' lang='grc' dir='ltr'><strong><em>μὲν</em></strong></span> <span class='ocrx_word' id='word_1_9' title='bbox 549 251 587 315; x_wconf 91' lang='grc' dir='ltr'><strong><em>τὸ</em></strong></span> <span class='ocrx_word' id='word_1_10' title='bbox 616 254 660 334; x_wconf 90' lang='grc' dir='ltr'><strong><em>Β,</em></strong></span> <span class='ocrx_word' id='word_1_11' title='bbox 692 249 862 335; x_wconf 85' lang='grc' dir='ltr'><strong><em>ὁρώμενον</em></strong></span> <span class='ocrx_word' id='word_1_12' title='bbox 890 246 927 313; x_wconf 75' lang='grc' dir='ltr'><strong><em>δὲ</em></strong></span> <span class='ocrx_word' id='word_1_13' title='bbox 953 250 990 313; x_wconf 94' lang='grc' dir='ltr'><strong><em>τὸ</em></strong></span> <span class='ocrx_word' id='word_1_14' title='bbox 1020 252 1090 313; x_wconf 84' lang='grc' dir='ltr'><strong><em>ΓΛ.</em></strong></span> 
     </span>
     <span class='ocr_line' id='line_1_3' title="bbox 74 354 1091 440; baseline 0 -20"><span class='ocrx_word' id='word_1_15' title='bbox 74 354 159 440; x_wconf 81' lang='grc' dir='ltr'><strong><em>φημὶ</em></strong></span> <span class='ocrx_word' id='word_1_16' title='bbox 187 357 243 440; x_wconf 91' lang='grc' dir='ltr'><strong><em>δή,</em></strong></span> <span class='ocrx_word' id='word_1_17' title='bbox 276 357 327 421; x_wconf 85' lang='grc' dir='ltr'><strong><em>ὄτι</em></strong></span> <span class='ocrx_word' id='word_1_18' title='bbox 354 359 391 421; x_wconf 91' lang='grc' dir='ltr'><strong><em>τὸ</em></strong></span> <span class='ocrx_word' id='word_1_19' title='bbox 420 359 481 421; x_wconf 83' lang='grc' dir='ltr'><strong><em>ΓΛ</em></strong></span> <span class='ocrx_word' id='word_1_20' title='bbox 513 359 550 421; x_wconf 82' lang='grc' dir='ltr'><strong><em>ἔν</em></strong></span> <span class='ocrx_word' id='word_1_21' title='bbox 577 379 645 421; x_wconf 88' lang='grc' dir='ltr'><strong><em>τινι</em></strong></span> <span class='ocrx_word' id='word_1_22' title='bbox 679 356 882 440; x_wconf 76' lang='grc' dir='ltr'><strong><em>ἀποστήμασι</em></strong></span> <span class='ocrx_word' id='word_1_23' title='bbox 909 358 1091 440; x_wconf 82' lang='grc' dir='ltr'><strong><em>γενόμενον</em></strong></span> 
     </span>
     <span class='ocr_line' id='line_1_4' title="bbox 73 460 769 548; baseline 0.003 -22"><span class='ocrx_word' id='word_1_24' title='bbox 73 460 183 527; x_wconf 79' lang='grc' dir='ltr'><strong><em>οὐκέτι</em></strong></span> <span class='ocrx_word' id='word_1_25' title='bbox 215 462 424 548; x_wconf 84' lang='grc' dir='ltr'><strong><em>ὁραθήσεται.</em></strong></span> <span class='ocrx_word' id='word_1_26' title='bbox 482 464 673 546; x_wconf 87' lang='grc' dir='ltr'><strong><em>γεγενήσθω</em></strong></span> <span class='ocrx_word' id='word_1_27' title='bbox 706 464 769 548; x_wconf 82' lang='grc' dir='ltr'><strong><em>γάρ</em></strong></span> 
     </span>
     <span class='ocr_line' id='line_1_5' title="bbox 72 568 770 657; baseline 0.001 -24"><span class='ocrx_word' id='word_1_28' title='bbox 72 570 109 634; x_wconf 90' lang='grc' dir='ltr'><strong><em>τὸ</em></strong></span> <span class='ocrx_word' id='word_1_29' title='bbox 130 571 190 633; x_wconf 83' lang='grc' dir='ltr'><strong><em>ΓΛ</em></strong></span> <span class='ocrx_word' id='word_1_30' title='bbox 214 568 250 634; x_wconf 84' lang='grc' dir='ltr'><strong><em>ἐν</em></strong></span> <span class='ocrx_word' id='word_1_31' title='bbox 273 579 318 657; x_wconf 78' lang='grc' dir='ltr'><strong><em>τῷ</em></strong></span> <span class='ocrx_word' id='word_1_32' title='bbox 340 568 460 654; x_wconf 82' lang='grc' dir='ltr'><strong><em>μεταξὺ</em></strong></span> <span class='ocrx_word' id='word_1_33' title='bbox 484 571 679 653; x_wconf 76' lang='grc' dir='ltr'><strong><em>διαστήματι</em></strong></span> <span class='ocrx_word' id='word_1_34' title='bbox 703 579 770 634; x_wconf 87' lang='grc' dir='ltr'><strong><em>τῶν</em></strong></span> 
     </span>
     <span class='ocr_line' id='line_1_6' title="bbox 37 671 769 762; baseline 0.001 -23"><span class='ocrx_word' id='word_1_35' title='bbox 37 677 196 759; x_wconf 80' lang='grc' dir='ltr'><strong><em>σόήεων,</em></strong></span> <span class='ocrx_word' id='word_1_36' title='bbox 230 673 283 760; x_wconf 81' lang='grc' dir='ltr'><strong><em>ἐφ’</em></strong></span> <span class='ocrx_word' id='word_1_37' title='bbox 309 671 350 741; x_wconf 89' lang='grc' dir='ltr'><strong><em>οὗ</em></strong></span> <span class='ocrx_word' id='word_1_38' title='bbox 377 677 414 741; x_wconf 91' lang='grc' dir='ltr'><strong><em>τὸ</em></strong></span> <span class='ocrx_word' id='word_1_39' title='bbox 442 679 482 741; x_wconf 90' lang='grc' dir='ltr'><strong><em>Κ.</em></strong></span> <span class='ocrx_word' id='word_1_40' title='bbox 535 676 660 741; x_wconf 84' lang='grc' dir='ltr'><strong><em>οὐκοῦν</em></strong></span> <span class='ocrx_word' id='word_1_41' title='bbox 687 677 769 762; x_wconf 86' lang='grc' dir='ltr'><strong><em>πρὸς</em></strong></span> 
     </span>
     <span class='ocr_line' id='line_1_7' title="bbox 72 782 863 876; baseline 0.001 -30"><span class='ocrx_word' id='word_1_42' title='bbox 72 783 109 847; x_wconf 93' lang='grc' dir='ltr'><strong><em>τὸ</em></strong></span> <span class='ocrx_word' id='word_1_43' title='bbox 133 786 168 846; x_wconf 94' lang='grc' dir='ltr'><strong><em>Κ</em></strong></span> <span class='ocrx_word' id='word_1_44' title='bbox 188 782 326 867; x_wconf 78' lang='grc' dir='ltr'><em>οὐδεμία</em></span> <span class='ocrx_word' id='word_1_45' title='bbox 348 793 416 847; x_wconf 84' lang='grc' dir='ltr'><strong><em>τῶν</em></strong></span> <span class='ocrx_word' id='word_1_46' title='bbox 439 782 503 848; x_wconf 89' lang='grc' dir='ltr'><strong><em>άπὸ</em></strong></span> <span class='ocrx_word' id='word_1_47' title='bbox 527 791 587 848; x_wconf 85' lang='grc' dir='ltr'><strong><em>τοῦ</em></strong></span> <span class='ocrx_word' id='word_1_48' title='bbox 607 787 636 846; x_wconf 89' lang='grc' dir='ltr'><strong><em>Β</em></strong></span> <span class='ocrx_word' id='word_1_49' title='bbox 660 784 769 860; x_wconf 79' lang='grc' dir='ltr'><strong><em>ὄψεων</em></strong></span> <span class='ocrx_word' id='word_1_50' title='bbox 825 814 863 876; x_wconf 70' lang='grc' dir='ltr'><em>Γ</em></span> 
     </span>
     <span class='ocr_line' id='line_1_8' title="bbox 71 888 769 975; baseline 0 -22"><span class='ocrx_word' id='word_1_51' title='bbox 71 901 303 974; x_wconf 82' lang='grc' dir='ltr'><strong><em>προσπεσεῖται</em></strong></span> <span class='ocrx_word' id='word_1_52' title='bbox 332 889 428 975; x_wconf 90' lang='grc' dir='ltr'><strong><em>[πρὸς</em></strong></span> <span class='ocrx_word' id='word_1_53' title='bbox 451 889 469 953; x_wconf 85' lang='grc' dir='ltr'><strong>ὃ</strong></span> <span class='ocrx_word' id='word_1_54' title='bbox 493 888 533 954; x_wconf 84' lang='grc' dir='ltr'><strong><em>δέ</em></strong></span> <span class='ocrx_word' id='word_1_55' title='bbox 553 913 590 972; x_wconf 86' lang='grc' dir='ltr'><strong><em>γε</em></strong></span> <span class='ocrx_word' id='word_1_56' title='bbox 618 890 655 953; x_wconf 90' lang='grc' dir='ltr'><strong><em>αί</em></strong></span> <span class='ocrx_word' id='word_1_57' title='bbox 676 890 769 966; x_wconf 79' lang='grc' dir='ltr'><strong><em>ὄψεις</em></strong></span> 
     </span>
     <span class='ocr_line' id='line_1_9' title="bbox 72 995 768 1082; baseline 0 -22"><span class='ocrx_word' id='word_1_58' title='bbox 72 996 113 1061; x_wconf 84' lang='grc' dir='ltr'><strong><em>οὐ</em></strong></span> <span class='ocrx_word' id='word_1_59' title='bbox 130 999 406 1081; x_wconf 79' lang='grc' dir='ltr'><strong><em>προσπίπτουσιν,</em></strong></span> <span class='ocrx_word' id='word_1_60' title='bbox 427 995 532 1062; x_wconf 78' lang='grc' dir='ltr'><strong><em>ἐκεῖνο</em></strong></span> <span class='ocrx_word' id='word_1_61' title='bbox 552 997 612 1080; x_wconf 81' lang='grc' dir='ltr'><strong><em>οὐχ</em></strong></span> <span class='ocrx_word' id='word_1_62' title='bbox 627 995 768 1082; x_wconf 85' lang='grc' dir='ltr'><strong><em>ὄρᾶται].</em></strong></span> 
     </span>
     <span class='ocr_line' id='line_1_10' title="bbox 71 1099 768 1190; baseline 0.001 -24"><span class='ocrx_word' id='word_1_63' title='bbox 71 1099 210 1168; x_wconf 80' lang='grc' dir='ltr'><strong><em>ἕκαστον</em></strong></span> <span class='ocrx_word' id='word_1_64' title='bbox 224 1105 288 1188; x_wconf 79' lang='grc' dir='ltr'><strong><em>ἄρα</em></strong></span> <span class='ocrx_word' id='word_1_65' title='bbox 305 1113 371 1168; x_wconf 85' lang='grc' dir='ltr'><strong><em>τῶν</em></strong></span> <span class='ocrx_word' id='word_1_66' title='bbox 386 1101 564 1190; x_wconf 79' lang='grc' dir='ltr'><em>ὁρωμένων</em></span> <span class='ocrx_word' id='word_1_67' title='bbox 580 1106 644 1187; x_wconf 82' lang='grc' dir='ltr'><strong><em>ἔχει</em></strong></span> <span class='ocrx_word' id='word_1_68' title='bbox 660 1127 692 1167; x_wconf 94' lang='grc' dir='ltr'><strong><em>τι</em></strong></span> <span class='ocrx_word' id='word_1_69' title='bbox 708 1113 768 1187; x_wconf 87' lang='grc' dir='ltr'><strong><em>μή-</em></strong></span> 
     </span>
     <span class='ocr_line' id='line_1_11' title="bbox 20 1205 958 1294; baseline 0.003 -24"><span class='ocrx_word' id='word_1_70' title='bbox 20 1223 53 1271; x_wconf 88' lang='grc'><strong><em>10</em></strong></span> <span class='ocrx_word' id='word_1_71' title='bbox 71 1232 129 1286; x_wconf 81' lang='grc' dir='ltr'><strong><em>νος</em></strong></span> <span class='ocrx_word' id='word_1_72' title='bbox 147 1209 384 1294; x_wconf 81' lang='grc' dir='ltr'><strong><em>ἀποστήματος,</em></strong></span> <span class='ocrx_word' id='word_1_73' title='bbox 403 1205 444 1275; x_wconf 88' lang='grc' dir='ltr'><strong><em>οὗ</em></strong></span> <span class='ocrx_word' id='word_1_74' title='bbox 462 1212 641 1293; x_wconf 86' lang='grc' dir='ltr'><strong><em>γενόμενον</em></strong></span> <span class='ocrx_word' id='word_1_75' title='bbox 659 1208 768 1274; x_wconf 83' lang='grc' dir='ltr'><strong><em>οὐκέτι</em></strong></span> <span class='ocrx_word' id='word_1_76' title='bbox 923 1227 958 1286; x_wconf 76' lang='lat' dir='ltr'><em>B</em></span> 
     </span>
     <span class='ocr_line' id='line_1_12' title="bbox 72 1315 196 1401; baseline -0.016 -20"><span class='ocrx_word' id='word_1_77' title='bbox 72 1315 196 1401; x_wconf 88' lang='grc' dir='ltr'><strong><em>ὁρᾶται.</em></strong></span> 
     </span>
     <span class='ocr_line' id='line_1_13' title="bbox 557 1438 601 1503; baseline 0 0"><span class='ocrx_word' id='word_1_78' title='bbox 557 1438 601 1503; x_wconf 85' lang='grc' dir='ltr'><strong><em>δ’.</em></strong></span> 
     </span>
     <span class='ocr_line' id='line_1_14' title="bbox 143 1557 1086 1648; baseline -0.006 -23"><span class='ocrx_word' id='word_1_79' title='bbox 143 1565 217 1626; x_wconf 86' lang='grc' dir='ltr'><strong><em>Τῶν</em></strong></span> <span class='ocrx_word' id='word_1_80' title='bbox 255 1568 336 1628; x_wconf 87' lang='grc' dir='ltr'><strong><em>ίσων</em></strong></span> <span class='ocrx_word' id='word_1_81' title='bbox 373 1563 604 1648; x_wconf 74' lang='grc' dir='ltr'><strong><em>διαστημάτων</em></strong></span> <span class='ocrx_word' id='word_1_82' title='bbox 641 1560 694 1627; x_wconf 78' lang='grc' dir='ltr'><strong><em>ἐπὶ</em></strong></span> <span class='ocrx_word' id='word_1_83' title='bbox 728 1571 786 1645; x_wconf 77' lang='grc' dir='ltr'><strong><em>τῆς</em></strong></span> <span class='ocrx_word' id='word_1_84' title='bbox 817 1562 919 1645; x_wconf 79' lang='grc' dir='ltr'><strong><em>αὐτῆς</em></strong></span> <span class='ocrx_word' id='word_1_85' title='bbox 951 1557 1086 1632; x_wconf 77' lang='grc' dir='ltr'><strong><em>εὐθείας</em></strong></span> 
     </span>
     <span class='ocr_line' id='line_1_15' title="bbox 71 1665 1084 1755; baseline -0.003 -23"><span class='ocrx_word' id='word_1_86' title='bbox 71 1669 179 1733; x_wconf 89' lang='grc' dir='ltr'><strong><em>ὄντων</em></strong></span> <span class='ocrx_word' id='word_1_87' title='bbox 205 1669 246 1733; x_wconf 87' lang='grc' dir='ltr'><strong><em>τά</em></strong></span> <span class='ocrx_word' id='word_1_88' title='bbox 273 1668 308 1734; x_wconf 82' lang='grc' dir='ltr'><strong><em>ἐκ</em></strong></span> <span class='ocrx_word' id='word_1_89' title='bbox 340 1673 493 1746; x_wconf 77' lang='grc' dir='ltr'><strong><em>πλείονος</em></strong></span> <span class='ocrx_word' id='word_1_90' title='bbox 525 1669 753 1754; x_wconf 76' lang='grc' dir='ltr'><strong><em>ἀποστήματος</em></strong></span> <span class='ocrx_word' id='word_1_91' title='bbox 778 1669 928 1755; x_wconf 82' lang='grc' dir='ltr'><strong><em>δρώμενα</em></strong></span> <span class='ocrx_word' id='word_1_92' title='bbox 962 1665 1084 1731; x_wconf 81' lang='grc' dir='ltr'><strong><em>ἐλάττω</em></strong></span> 
     </span>
     <span class='ocr_line' id='line_1_16' title="bbox 20 1778 235 1860; baseline 0.009 -22"><span class='ocrx_word' id='word_1_93' title='bbox 20 1790 54 1839; x_wconf 79' lang='grc' dir='ltr'><strong><em>1ο</em></strong></span> <span class='ocrx_word' id='word_1_94' title='bbox 73 1778 235 1860; x_wconf 82' lang='grc' dir='ltr'><strong><em>φαίνεται.</em></strong></span> 
     </span>
    </p>
   </div>
   <div class='ocr_carea' id='block_1_3' title="bbox 18 1877 1087 2604">
    <p class='ocr_par' dir='ltr' id='par_1_3' title="bbox 137 1877 1084 1968">
     <span class='ocr_line' id='line_1_17' title="bbox 137 1877 1084 1968; baseline -0.003 -21"><span class='ocrx_word' id='word_1_95' title='bbox 137 1885 219 1947; x_wconf 78' lang='grc' dir='ltr'><strong><em>ἔστω</em></strong></span> <span class='ocrx_word' id='word_1_96' title='bbox 248 1883 311 1968; x_wconf 87' lang='grc' dir='ltr'><strong><em>γάρ</em></strong></span> <span class='ocrx_word' id='word_1_97' title='bbox 340 1889 394 1947; x_wconf 86' lang='grc' dir='ltr'><strong><em>ίσα</em></strong></span> <span class='ocrx_word' id='word_1_98' title='bbox 421 1883 461 1947; x_wconf 83' lang='grc' dir='ltr'><strong><em>τά</em></strong></span> <span class='ocrx_word' id='word_1_99' title='bbox 489 1886 561 1967; x_wconf 94' lang='grc' dir='ltr'><strong><em>ΒΓ,</em></strong></span> <span class='ocrx_word' id='word_1_100' title='bbox 585 1886 663 1966; x_wconf 89' lang='grc' dir='ltr'><strong><em>ΓΔ,</em></strong></span> <span class='ocrx_word' id='word_1_101' title='bbox 686 1887 768 1966; x_wconf 88' lang='grc' dir='ltr'><strong><em>ΛΖ,</em></strong></span> <span class='ocrx_word' id='word_1_102' title='bbox 796 1883 882 1966; x_wconf 90' lang='grc' dir='ltr'><strong><em>ὄμμα</em></strong></span> <span class='ocrx_word' id='word_1_103' title='bbox 911 1877 947 1945; x_wconf 68' lang='grc' dir='ltr'><strong><em>δὲ</em></strong></span> <span class='ocrx_word' id='word_1_104' title='bbox 976 1881 1013 1945; x_wconf 89' lang='grc' dir='ltr'><strong><em>τὸ</em></strong></span> <span class='ocrx_word' id='word_1_105' title='bbox 1042 1883 1084 1962; x_wconf 97' lang='grc' dir='ltr'><strong><em>Κ,</em></strong></span> 
     </span>
    </p>

    <p class='ocr_par' dir='ltr' id='par_1_4' title="bbox 71 1985 1081 2076">
     <span class='ocr_line' id='line_1_18' title="bbox 71 1985 1081 2076; baseline -0.003 -22"><span class='ocrx_word' id='word_1_106' title='bbox 71 1987 131 2075; x_wconf 81' lang='grc' dir='ltr'><strong><em>ἀφ’</em></strong></span> <span class='ocrx_word' id='word_1_107' title='bbox 152 1985 192 2055; x_wconf 90' lang='grc' dir='ltr'><strong><em>οὗ</em></strong></span> <span class='ocrx_word' id='word_1_108' title='bbox 215 1988 508 2076; x_wconf 77' lang='grc' dir='ltr'><strong><em>προσπιπτέτωσαν</em></strong></span> <span class='ocrx_word' id='word_1_109' title='bbox 531 1992 623 2068; x_wconf 79' lang='grc' dir='ltr'><strong><em>ὄψεις</em></strong></span> <span class='ocrx_word' id='word_1_110' title='bbox 646 1990 684 2053; x_wconf 84' lang='grc' dir='ltr'><strong><em>αί</em></strong></span> <span class='ocrx_word' id='word_1_111' title='bbox 702 1992 780 2072; x_wconf 92' lang='grc' dir='ltr'><strong><em>ΚΒ,</em></strong></span> <span class='ocrx_word' id='word_1_112' title='bbox 799 1991 874 2072; x_wconf 93' lang='grc' dir='ltr'><strong><em>ΚΓ,</em></strong></span> <span class='ocrx_word' id='word_1_113' title='bbox 897 1990 976 2071; x_wconf 85' lang='grc' dir='ltr'><strong><em>ΚΔ,</em></strong></span> <span class='ocrx_word' id='word_1_114' title='bbox 1000 1990 1081 2051; x_wconf 92' lang='grc' dir='ltr'><strong><em>ΚΖ·</em></strong></span> 
     </span>
    </p>

    <p class='ocr_par' dir='ltr' id='par_1_5' title="bbox 70 2090 1083 2182">
     <span class='ocr_line' id='line_1_19' title="bbox 70 2090 1083 2182; baseline -0.002 -22"><span class='ocrx_word' id='word_1_115' title='bbox 70 2095 90 2178; x_wconf 82' lang='grc' dir='ltr'><em>ἡ</em></span> <span class='ocrx_word' id='word_1_116' title='bbox 110 2094 146 2160; x_wconf 72' lang='grc' dir='ltr'><strong><em>δὲ</em></strong></span> <span class='ocrx_word' id='word_1_117' title='bbox 165 2100 231 2161; x_wconf 90' lang='grc' dir='ltr'><strong><em>ΚΒ</em></strong></span> <span class='ocrx_word' id='word_1_118' title='bbox 253 2098 336 2182; x_wconf 86' lang='grc' dir='ltr'><strong><em>πρὸς</em></strong></span> <span class='ocrx_word' id='word_1_119' title='bbox 359 2096 466 2182; x_wconf 82' lang='grc' dir='ltr'><strong><em>ὀρθὰς</em></strong></span> <span class='ocrx_word' id='word_1_120' title='bbox 486 2099 567 2162; x_wconf 81' lang='grc' dir='ltr'><strong><em>ἔστω</em></strong></span> <span class='ocrx_word' id='word_1_121' title='bbox 587 2105 626 2181; x_wconf 79' lang='grc' dir='ltr'><strong><em>τη</em></strong></span> <span class='ocrx_word' id='word_1_122' title='bbox 645 2101 718 2160; x_wconf 85' lang='grc' dir='ltr'><strong><em>ΒΖ.</em></strong></span> <span class='ocrx_word' id='word_1_123' title='bbox 755 2094 825 2160; x_wconf 84' lang='grc' dir='ltr'><strong><em>ἐπεὶ</em></strong></span> <span class='ocrx_word' id='word_1_124' title='bbox 844 2090 906 2160; x_wconf 85' lang='grc' dir='ltr'><strong><em>οὖν</em></strong></span> <span class='ocrx_word' id='word_1_125' title='bbox 925 2094 962 2159; x_wconf 90' lang='grc' dir='ltr'><strong><em>ε’ν</em></strong></span> <span class='ocrx_word' id='word_1_126' title='bbox 981 2094 1083 2179; x_wconf 83' lang='grc' dir='ltr'><strong><em>ὀρθο·</em></strong></span> 
     </span>
    </p>

    <p class='ocr_par' dir='ltr' id='par_1_6' title="bbox 71 2201 1083 2291">
     <span class='ocr_line' id='line_1_20' title="bbox 71 2201 1083 2291; baseline -0.002 -25"><span class='ocrx_word' id='word_1_127' title='bbox 71 2207 180 2290; x_wconf 80' lang='grc' dir='ltr'><strong><em>γωνίςο</em></strong></span> <span class='ocrx_word' id='word_1_128' title='bbox 204 2205 353 2291; x_wconf 78' lang='grc' dir='ltr'><strong><em>τριγώνῳ</em></strong></span> <span class='ocrx_word' id='word_1_129' title='bbox 377 2213 423 2291; x_wconf 75' lang='grc' dir='ltr'><strong><em>τῷ</em></strong></span> <span class='ocrx_word' id='word_1_130' title='bbox 442 2207 542 2267; x_wconf 92' lang='grc' dir='ltr'><strong><em>ΚΒΖ</em></strong></span> <span class='ocrx_word' id='word_1_131' title='bbox 566 2209 635 2268; x_wconf 88' lang='grc' dir='ltr'><strong><em>ίσαι</em></strong></span> <span class='ocrx_word' id='word_1_132' title='bbox 658 2201 742 2268; x_wconf 82' lang='grc' dir='ltr'><strong><em>είσὶν</em></strong></span> <span class='ocrx_word' id='word_1_133' title='bbox 765 2204 803 2266; x_wconf 61' lang='grc' dir='ltr'><strong><em>αι’</em></strong></span> <span class='ocrx_word' id='word_1_134' title='bbox 822 2204 894 2285; x_wconf 87' lang='grc' dir='ltr'><strong><em>ΒΓ,</em></strong></span> <span class='ocrx_word' id='word_1_135' title='bbox 914 2204 985 2284; x_wconf 85' lang='grc' dir='ltr'><strong><em>ΓΔ,</em></strong></span> <span class='ocrx_word' id='word_1_136' title='bbox 1005 2207 1038 2264; x_wconf 84' lang='grc' dir='ltr'><em>Λ</em></span> <span class='ocrx_word' id='word_1_137' title='bbox 1045 2205 1083 2284; x_wconf 87' lang='grc' dir='ltr'><strong><em>Ζ,</em></strong></span> 
     </span>
    </p>

    <p class='ocr_par' dir='ltr' id='par_1_7' title="bbox 18 2304 1087 2393">
     <span class='ocr_line' id='line_1_21' title="bbox 18 2304 1087 2393; baseline -0.003 -20"><span class='ocrx_word' id='word_1_138' title='bbox 18 2324 52 2373; x_wconf 78' lang='lat'><strong><em>20</em></strong></span> <span class='ocrx_word' id='word_1_139' title='bbox 71 2313 188 2392; x_wconf 83' lang='grc' dir='ltr'><strong><em>μείζων</em></strong></span> <span class='ocrx_word' id='word_1_140' title='bbox 212 2307 302 2374; x_wconf 80' lang='grc' dir='ltr'><strong><em>ἐστὶν</em></strong></span> <span class='ocrx_word' id='word_1_141' title='bbox 324 2309 344 2392; x_wconf 81' lang='grc' dir='ltr'><strong><em>η</em></strong></span> <span class='ocrx_word' id='word_1_142' title='bbox 368 2306 429 2393; x_wconf 72' lang='grc' dir='ltr'><strong><em>μὲν</em></strong></span> <span class='ocrx_word' id='word_1_143' title='bbox 452 2315 484 2374; x_wconf 84' lang='grc' dir='ltr'><em>Ε</em></span> <span class='ocrx_word' id='word_1_144' title='bbox 507 2312 612 2392; x_wconf 91' lang='grc' dir='ltr'><strong><em>γωνία</em></strong></span> <span class='ocrx_word' id='word_1_145' title='bbox 634 2319 692 2393; x_wconf 83' lang='grc' dir='ltr'><strong><em>τής</em></strong></span> <span class='ocrx_word' id='word_1_146' title='bbox 714 2313 754 2373; x_wconf 92' lang='grc' dir='ltr'><em>Η</em></span> <span class='ocrx_word' id='word_1_147' title='bbox 776 2311 913 2392; x_wconf 82' lang='grc' dir='ltr'><strong><em>γωνίας,</em></strong></span> <span class='ocrx_word' id='word_1_148' title='bbox 942 2307 962 2390; x_wconf 79' lang='grc' dir='ltr'>ἡ</span> <span class='ocrx_word' id='word_1_149' title='bbox 987 2304 1023 2371; x_wconf 76' lang='grc' dir='ltr'><strong><em>δδ</em></strong></span> <span class='ocrx_word' id='word_1_150' title='bbox 1048 2311 1087 2370; x_wconf 89' lang='grc' dir='ltr'><em>Η</em></span> 
     </span>
    </p>

    <p class='ocr_par' dir='ltr' id='par_1_8' title="bbox 70 2410 1087 2604">
     <span class='ocr_line' id='line_1_22' title="bbox 70 2410 1087 2501; baseline -0.004 -21"><span class='ocrx_word' id='word_1_151' title='bbox 70 2419 174 2497; x_wconf 91' lang='grc' dir='ltr'><strong><em>γωνία</em></strong></span> <span class='ocrx_word' id='word_1_152' title='bbox 198 2425 255 2499; x_wconf 84' lang='grc' dir='ltr'><strong><em>τής</em></strong></span> <span class='ocrx_word' id='word_1_153' title='bbox 276 2421 305 2480; x_wconf 81' lang='grc' dir='ltr'>Θ</span> <span class='ocrx_word' id='word_1_154' title='bbox 327 2418 458 2498; x_wconf 91' lang='grc' dir='ltr'><strong><em>γωνίας.</em></strong></span> <span class='ocrx_word' id='word_1_155' title='bbox 495 2419 605 2499; x_wconf 80' lang='grc' dir='ltr'><strong><em>μεῖζον</em></strong></span> <span class='ocrx_word' id='word_1_156' title='bbox 628 2417 691 2501; x_wconf 86' lang='grc' dir='ltr'><strong><em>άρα</em></strong></span> <span class='ocrx_word' id='word_1_157' title='bbox 711 2419 864 2499; x_wconf 82' lang='grc' dir='ltr'><strong><em>φαίνεται</em></strong></span> <span class='ocrx_word' id='word_1_158' title='bbox 884 2416 920 2479; x_wconf 93' lang='grc' dir='ltr'><strong><em>τὸ</em></strong></span> <span class='ocrx_word' id='word_1_159' title='bbox 939 2410 1000 2498; x_wconf 69' lang='grc' dir='ltr'><strong><em>μὲν</em></strong></span> <span class='ocrx_word' id='word_1_160' title='bbox 1018 2416 1087 2477; x_wconf 91' lang='grc' dir='ltr'><strong><em>ΒΓ</em></strong></span> 
     </span>
     <span class='ocr_line' id='line_1_23' title="bbox 70 2519 611 2604; baseline 0 -18"><span class='ocrx_word' id='word_1_161' title='bbox 70 2530 129 2586; x_wconf 89' lang='grc' dir='ltr'><strong><em>τοῦ</em></strong></span> <span class='ocrx_word' id='word_1_162' title='bbox 154 2526 223 2604; x_wconf 85' lang='grc' dir='ltr'><strong><em>ΓΔ,</em></strong></span> <span class='ocrx_word' id='word_1_163' title='bbox 247 2524 284 2587; x_wconf 89' lang='grc' dir='ltr'><strong><em>τὸ</em></strong></span> <span class='ocrx_word' id='word_1_164' title='bbox 308 2519 344 2587; x_wconf 72' lang='grc' dir='ltr'><strong><em>δὲ</em></strong></span> <span class='ocrx_word' id='word_1_165' title='bbox 368 2525 430 2586; x_wconf 85' lang='grc' dir='ltr'><strong><em>ΓΔ</em></strong></span> <span class='ocrx_word' id='word_1_166' title='bbox 452 2530 512 2586; x_wconf 85' lang='grc' dir='ltr'><strong><em>τοῦ</em></strong></span> <span class='ocrx_word' id='word_1_167' title='bbox 535 2527 568 2585; x_wconf 83' lang='grc' dir='ltr'><em>Δ</em></span> <span class='ocrx_word' id='word_1_168' title='bbox 575 2527 611 2586; x_wconf 86' lang='lat' dir='ltr'><strong><em>Z.</em></strong></span> 
     </span>
    </p>
   </div>
   <div class='ocr_carea' id='block_1_4' title="bbox 17 2750 1079 3050">
    <p class='ocr_par' dir='ltr' id='par_1_9' title="bbox 17 2750 1079 3050">
     <span class='ocr_line' id='line_1_24' title="bbox 556 2750 595 2816; baseline 0.026 -1"><span class='ocrx_word' id='word_1_169' title='bbox 556 2750 595 2816; x_wconf 86' lang='grc' dir='ltr'><strong><em>ε’.</em></strong></span> 
     </span>
     <span class='ocr_line' id='line_1_25' title="bbox 141 2857 1079 2942; baseline -0.001 -19"><span class='ocrx_word' id='word_1_170' title='bbox 141 2861 187 2924; x_wconf 83' lang='grc' dir='ltr'><strong><em>Τά</em></strong></span> <span class='ocrx_word' id='word_1_171' title='bbox 211 2865 266 2924; x_wconf 85' lang='grc' dir='ltr'><strong><em>ίσα</em></strong></span> <span class='ocrx_word' id='word_1_172' title='bbox 288 2857 412 2942; x_wconf 80' lang='grc' dir='ltr'><strong><em>μεγέθη</em></strong></span> <span class='ocrx_word' id='word_1_173' title='bbox 436 2860 554 2923; x_wconf 86' lang='grc' dir='ltr'><strong><em>άνισον</em></strong></span> <span class='ocrx_word' id='word_1_174' title='bbox 577 2858 769 2941; x_wconf 76' lang='grc' dir='ltr'><strong><em>διεστηκότα</em></strong></span> <span class='ocrx_word' id='word_1_175' title='bbox 793 2860 892 2922; x_wconf 86' lang='grc' dir='ltr'><strong><em>ὄνισα</em></strong></span> <span class='ocrx_word' id='word_1_176' title='bbox 916 2861 1079 2942; x_wconf 82' lang='grc' dir='ltr'><strong><em>φαίνεται,</em></strong></span> 
     </span>
     <span class='ocr_line' id='line_1_26' title="bbox 17 2964 971 3050; baseline 0 -22"><span class='ocrx_word' id='word_1_177' title='bbox 17 2979 50 3028; x_wconf 81' lang='lat'><strong><em>25</em></strong></span> <span class='ocrx_word' id='word_1_178' title='bbox 69 2965 124 3032; x_wconf 83' lang='grc' dir='ltr'><strong><em>καὶ</em></strong></span> <span class='ocrx_word' id='word_1_179' title='bbox 146 2969 257 3050; x_wconf 81' lang='grc' dir='ltr'><strong><em>μεῖζον</em></strong></span> <span class='ocrx_word' id='word_1_180' title='bbox 279 2964 343 3030; x_wconf 80' lang='grc' dir='ltr'><strong><em>αίεὶ</em></strong></span> <span class='ocrx_word' id='word_1_181' title='bbox 366 2967 403 3029; x_wconf 89' lang='grc' dir='ltr'><strong><em>τὸ</em></strong></span> <span class='ocrx_word' id='word_1_182' title='bbox 427 2968 540 3049; x_wconf 82' lang='grc' dir='ltr'><strong><em>ἔγγιον</em></strong></span> <span class='ocrx_word' id='word_1_183' title='bbox 561 2974 622 3029; x_wconf 84' lang='grc' dir='ltr'><strong><em>τοῦ</em></strong></span> <span class='ocrx_word' id='word_1_184' title='bbox 645 2967 789 3048; x_wconf 83' lang='grc' dir='ltr'><strong><em>ὄμματος</em></strong></span> <span class='ocrx_word' id='word_1_185' title='bbox 811 2967 971 3048; x_wconf 84' lang='grc' dir='ltr'><strong><em>κείμενον.</em></strong></span> 
     </span>
    </p>
   </div>
   <div class='ocr_carea' id='block_1_5' title="bbox 54 3243 1078 3530">
    <p class='ocr_par' dir='ltr' id='par_1_10' title="bbox 54 3243 1078 3530">
     <span class='ocr_line' id='line_1_27' title="bbox 141 3243 1076 3319; baseline -0.006 -14"><span class='ocrx_word' id='word_1_186' title='bbox 141 3256 164 3304; x_wconf 90' lang='lat'><strong><em>1.</em></strong></span> <span class='ocrx_word' id='word_1_187' title='bbox 186 3254 287 3304; x_wconf 87' lang='grc' dir='ltr'><strong><em>ΓΔ-</em></strong></span> <span class='ocrx_word' id='word_1_188' title='bbox 307 3254 330 3301; x_wconf 83' lang='lat'><strong><em>2.</em></strong></span> <span class='ocrx_word' id='word_1_189' title='bbox 350 3247 393 3319; x_wconf 84' lang='grc' dir='ltr'><strong><em>τό]</em></strong></span> <span class='ocrx_word' id='word_1_190' title='bbox 414 3247 478 3301; x_wconf 85' lang='lat' dir='ltr'><strong>add.</strong></span> <span class='ocrx_word' id='word_1_191' title='bbox 498 3252 614 3301; x_wconf 76' lang='lat' dir='ltr'><strong>m.2v.</strong></span> <span class='ocrx_word' id='word_1_192' title='bbox 676 3251 700 3300; x_wconf 78' lang='lat'><strong><em>2.</em></strong></span> <span class='ocrx_word' id='word_1_193' title='bbox 722 3246 793 3315; x_wconf 80' lang='grc' dir='ltr'><strong><em>φημὶ</em></strong></span> <span class='ocrx_word' id='word_1_194' title='bbox 812 3245 859 3317; x_wconf 85' lang='grc' dir='ltr'><strong><em>δή]</em></strong></span> <span class='ocrx_word' id='word_1_195' title='bbox 879 3243 947 3314; x_wconf 78' lang='grc' dir='ltr'><strong><em>λέγω</em></strong></span> <span class='ocrx_word' id='word_1_196' title='bbox 965 3263 991 3298; x_wconf 83' lang='lat' dir='ltr'><strong><em>v.</em></strong></span> <span class='ocrx_word' id='word_1_197' title='bbox 1053 3251 1076 3300; x_wconf 83' lang='grc'><strong><em>7.</em></strong></span> 
     </span>
     <span class='ocr_line' id='line_1_28' title="bbox 68 3314 1078 3390; baseline -0.006 -14"><span class='ocrx_word' id='word_1_198' title='bbox 68 3321 186 3390; x_wconf 85' lang='grc' dir='ltr'><strong><em>πρός-</em></strong></span> <span class='ocrx_word' id='word_1_199' title='bbox 201 3327 224 3375; x_wconf 88' lang='lat'><strong><em>8.</em></strong></span> <span class='ocrx_word' id='word_1_200' title='bbox 246 3319 356 3390; x_wconf 84' lang='grc' dir='ltr'><strong><em>ὁρᾶται]</em></strong></span> <span class='ocrx_word' id='word_1_201' title='bbox 376 3335 429 3374; x_wconf 87' lang='lat' dir='ltr'><strong><em>om.</em></strong></span> <span class='ocrx_word' id='word_1_202' title='bbox 449 3337 475 3388; x_wconf 91' lang='lat' dir='ltr'><strong><em>p.</em></strong></span> <span class='ocrx_word' id='word_1_203' title='bbox 536 3322 559 3371; x_wconf 87' lang='lat'><strong><em>8.</em></strong></span> <span class='ocrx_word' id='word_1_204' title='bbox 581 3314 677 3371; x_wconf 76' lang='grc' dir='ltr'><strong><em>ἐκείνω</em></strong></span> <span class='ocrx_word' id='word_1_205' title='bbox 696 3336 721 3385; x_wconf 81' lang='lat' dir='ltr'><strong><em>v,</em></strong></span> <span class='ocrx_word' id='word_1_206' title='bbox 741 3317 790 3370; x_wconf 82' lang='lat' dir='ltr'><strong><em>sed</em></strong></span> <span class='ocrx_word' id='word_1_207' title='bbox 810 3333 877 3370; x_wconf 85' lang='lat' dir='ltr'>corr.</span> <span class='ocrx_word' id='word_1_208' title='bbox 936 3322 977 3372; x_wconf 86' lang='lat'><strong><em>10.</em></strong></span> <span class='ocrx_word' id='word_1_209' title='bbox 997 3335 1078 3385; x_wconf 87' lang='grc' dir='ltr'><strong><em>γενο-</em></strong></span> 
     </span>
     <span class='ocr_line' id='line_1_29' title="bbox 68 3386 1077 3462; baseline -0.005 -15"><span class='ocrx_word' id='word_1_210' title='bbox 68 3392 154 3462; x_wconf 82' lang='grc' dir='ltr'><strong><em>μένου</em></strong></span> <span class='ocrx_word' id='word_1_211' title='bbox 173 3411 198 3460; x_wconf 81' lang='lat' dir='ltr'><strong><em>v,</em></strong></span> <span class='ocrx_word' id='word_1_212' title='bbox 219 3394 247 3446; x_wconf 77' lang='lat' dir='ltr'><strong><em>et</em></strong></span> <span class='ocrx_word' id='word_1_213' title='bbox 265 3391 298 3460; x_wconf 85' lang='lat' dir='ltr'><strong><em>V,</em></strong></span> <span class='ocrx_word' id='word_1_214' title='bbox 319 3390 368 3444; x_wconf 83' lang='lat' dir='ltr'><strong><em>sed</em></strong></span> <span class='ocrx_word' id='word_1_215' title='bbox 387 3406 455 3444; x_wconf 84' lang='lat' dir='ltr'><strong>corr.</strong></span> <span class='ocrx_word' id='word_1_216' title='bbox 474 3408 509 3443; x_wconf 91' lang='lat' dir='ltr'><strong><em>m.</em></strong></span> <span class='ocrx_word' id='word_1_217' title='bbox 530 3405 583 3443; x_wconf 82' lang='lat' dir='ltr'><strong>ree.</strong></span> <span class='ocrx_word' id='word_1_218' title='bbox 662 3394 703 3442; x_wconf 85' lang='lat'><strong><em>13.</em></strong></span> <span class='ocrx_word' id='word_1_219' title='bbox 723 3386 928 3459; x_wconf 81' lang='grc' dir='ltr'><strong><em>διαστημάτων]</em></strong></span> <span class='ocrx_word' id='word_1_220' title='bbox 948 3391 1077 3456; x_wconf 84' lang='grc' dir='ltr'><strong><em>μεγεθῶν</em></strong></span> 
     </span>
     <span class='ocr_line' id='line_1_30' title="bbox 54 3457 1078 3530; baseline -0.003 -16"><span class='ocrx_word' id='word_1_221' title='bbox 54 3480 94 3515; x_wconf 83' lang='lat' dir='ltr'><strong><em>m.</em></strong></span> <span class='ocrx_word' id='word_1_222' title='bbox 113 3479 170 3516; x_wconf 75' lang='lat' dir='ltr'><strong><em>teo,</em></strong></span> <span class='ocrx_word' id='word_1_223' title='bbox 196 3463 225 3517; x_wconf 88' lang='lat' dir='ltr'><strong><em>V.</em></strong></span> <span class='ocrx_word' id='word_1_224' title='bbox 292 3467 335 3517; x_wconf 84' lang='lat'><strong><em>16.</em></strong></span> <span class='ocrx_word' id='word_1_225' title='bbox 355 3461 424 3517; x_wconf 78' lang='lat' dir='ltr'><strong>Post</strong></span> <span class='ocrx_word' id='word_1_226' title='bbox 443 3459 490 3515; x_wconf 86' lang='grc' dir='ltr'><strong><em>ίσα</em></strong></span> <span class='ocrx_word' id='word_1_227' title='bbox 508 3461 572 3515; x_wconf 81' lang='lat' dir='ltr'>add.</span> <span class='ocrx_word' id='word_1_228' title='bbox 592 3457 698 3530; x_wconf 82' lang='grc' dir='ltr'><strong><em>μεγέθη</em></strong></span> <span class='ocrx_word' id='word_1_229' title='bbox 717 3477 753 3514; x_wconf 92' lang='lat' dir='ltr'><strong><em>m.</em></strong></span> <span class='ocrx_word' id='word_1_230' title='bbox 773 3475 826 3514; x_wconf 84' lang='lat' dir='ltr'>rec.</span> <span class='ocrx_word' id='word_1_231' title='bbox 845 3459 878 3514; x_wconf 88' lang='lat' dir='ltr'><strong><em>V.</em></strong></span> <span class='ocrx_word' id='word_1_232' title='bbox 947 3464 989 3512; x_wconf 78' lang='lat'><strong><em>22.</em></strong></span> <span class='ocrx_word' id='word_1_233' title='bbox 1009 3457 1078 3512; x_wconf 76' lang='lat' dir='ltr'>Post</span> 
     </span>
    </p>
   </div>
   <div class='ocr_carea' id='block_1_6' title="bbox 0 0 1172 3788">
    <p class='ocr_par' dir='ltr' id='par_1_11' title="bbox 0 0 1172 3788">
     <span class='ocr_line' id='line_1_31' title="bbox 0 0 1172 3788; baseline 0 1"><span class='ocrx_word' id='word_1_234' title='bbox 0 0 1172 3788; x_wconf 95' lang='lat' dir='ltr'><strong><em> </em></strong></span> 
     </span>
    </p>
   </div>
  </div>
 </body>
</html>
