2334 3788
81 129 126 193 40
422 135 593 188 EUOLIDIS
613 137 751 189 OPTIGA.

81 273 101 357 ἡ
120 279 195 358 ΕΖ,
218 274 273 340 καλ
297 275 508 361 ἐκβεβλήσθω
528 282 565 345 τὸ
585 281 641 345 διὰ
659 292 727 345 τῶν
745 284 819 363 ΕΖ,
838 283 903 344 ΑΒ
927 276 1098 343 ἐπίπεδον.

81 383 211 464 ποιήσει
234 377 297 448 οὖν
319 385 424 468 τομὴν
446 386 578 451 κύκλον.
625 389 706 452 ἔστω
731 386 748 451 ὁ
773 389 918 468 ΓΕΖΔ,
945 381 1001 448 καὶ
1024 382 1098 447 ἐπε-

84 489 274 571 ζεύχθωσαν
298 491 335 554 αί
356 494 426 575 ΓΑ,
444 497 521 575 ΑΔ,
538 497 617 577 ΑΒ,
635 497 707 576 ΒΓ,
728 496 797 558 ΓΔ.
835 493 890 556 διά
914 491 955 575 ὃν]
974 492 1010 555 τὸ
1030 491 1098 576 πρὸ

83 594 187 660 αὐτοῦ
216 594 318 681 ὀρθαλ
342 593 430 682 [μὲν]
460 600 498 663 αί
516 600 600 684 πρὸς
623 611 693 676 τοῖς
716 602 757 683 Γ,
780 606 813 664 Δ
836 601 991 683 σημείοις.
1037 594 1099 680 ε’φ-

48 713 63 760 5
83 700 242 767 άπτονται
270 703 334 788 άρα
362 704 400 767 αί
419 708 491 788 ΒΓ,
514 709 592 789 ΒΔ,
620 704 743 782 αἵτινές
766 708 851 770 είσιν
874 704 1017 787 ἀκτῖνες,
1039 700 1100 767 καλ

83 807 236 892 βλέπεται
254 809 320 874 ὑπὸ
337 819 398 874 τοῦ
413 815 441 875 Β
461 813 605 895 ὄμματος
622 815 660 877 τὸ
675 816 736 877 ΓΔ
754 811 852 898 μέρος
870 821 928 895 τῆς
941 812 1098 896 σφαίρας.

84 917 352 1000 μετακεκινήσθω
381 918 422 1001 δὴ
454 919 491 982 τὸ
520 920 607 1003 ὄμμα
634 922 747 1002 ἔγγιον
780 928 838 1001 τῆς
865 920 1009 1004 σφαίρας
1040 914 1099 981 καὶ

85 1024 166 1087 ἔστω
186 1023 222 1087 τὸ
244 1027 282 1105 Θ,
306 1021 364 1107 ἀφ’
382 1019 422 1088 ού
442 1023 625 1108 ἐπεζεύχθω
644 1025 760 1090 εὐθεῖα
778 1023 798 1107 ἡ
820 1029 891 1108 ΘΑ,
916 1021 971 1088 καὶ
992 1022 1098 1109 [περι]

84 1128 266 1215 γεγράφθω
290 1129 410 1205 κύκλος
433 1129 450 1194 ὁ
473 1134 589 1215 ΑΛΚ,
612 1129 667 1195 καλ
691 1130 938 1214 ἐπεζεύχθωσαν
961 1130 998 1194 αί
1021 1132 1100 1212 ΘΚ,

32 1245 66 1294 10
85 1238 160 1318 ΚΑ,
178 1239 253 1317 ΑΛ,
272 1238 304 1298 Λ
311 1239 339 1298 Θ
361 1235 499 1301 εὐθεῖαι.
536 1236 657 1321 ὁμοίως
676 1239 717 1321 δὴ
736 1237 801 1301 ὑπὸ
820 1244 879 1300 τοῦ
901 1240 930 1301 Θ
952 1239 1100 1320 ὄμματος

35 1348 63 1383 ⁴
84 1339 237 1424 βλέπεται
259 1337 320 1425 μέν
338 1344 375 1407 τὸ
395 1345 459 1406 ΚΛ
481 1341 579 1429 μέρος
596 1353 654 1427 τῆς
673 1347 826 1430 σφαίρας,
848 1343 913 1407 ὑπὸ
932 1338 969 1407 δέ
987 1352 1047 1407 τοῦ
1067 1346 1096 1406 Β

64 1445 237 1530 εέβλέπετο
260 1449 297 1512 τὸ
323 1451 391 1513 ΓΛ.
438 1452 574 1514 ἔλαττον
596 1446 634 1513 δὲ
656 1451 693 1514 τὸ
717 1453 781 1513 ΚΛ
804 1459 863 1514 τοῦ
888 1453 957 1514 ΓΛ.
994 1465 1096 1535 προσ-

86 1556 196 1629 ιόντος
228 1555 292 1638 άρα
323 1563 384 1618 τοῦ
416 1557 560 1639 ὄμματος
587 1557 723 1620 ἔλαττόν
750 1555 819 1620 ἐστι
850 1556 887 1620 τὸ
916 1555 1095 1641 ὁρώμενον.

87 1661 180 1725 δοκεῖ
206 1656 242 1724 δὲ
265 1662 375 1744 μεῖζον
399 1664 593 1745 φαίνεσθαι·
625 1664 743 1746 μείζων
770 1663 833 1747 γὰρ
862 1662 882 1746 ἡ
909 1663 974 1726 ὑπὸ
997 1664 1098 1726 ΚΘΛ

34 1781 66 1830 15
86 1770 191 1850 γωνία
213 1776 271 1850 τῆς
292 1767 357 1833 ὑπὸ
382 1771 478 1833 ΓΒΔ
500 1771 630 1850 γωνίας.

564 2050 622 2116 κε’.

154 2198 310 2280 Σφαίρας
338 2195 394 2258 διὰ
422 2195 484 2259 δύο
511 2194 668 2278 ὀμμάτων
694 2194 861 2280 ὁρωμένης
893 2193 951 2258 ἐὰν
977 2192 998 2276 ἡ
1026 2192 1098 2257 θιά-

87 2323 204 2386 μετρος
226 2309 284 2383 τῆς
307 2304 450 2387 σφαίρας
474 2307 528 2384 ίση
555 2298 576 2388 ᾖ
599 2313 638 2387 τῇ
662 2302 792 2388 εὐθείᾳ,
821 2299 874 2386 ἐφ’
899 2300 942 2383 ἣν
969 2300 1098 2381 διεστύ-

87 2424 164 2472 κασι
191 2407 232 2471 τά
259 2409 387 2491 ὄμματα
415 2404 471 2470 ἀπ’
497 2407 663 2491 ἀλλήλων,
696 2409 732 2473 τὸ
756 2408 973 2493 ἡμισφαίριον
997 2406 1099 2489 αὐτῆς

34 2528 69 2576 20
87 2514 273 2598 ὀφθήσεται
296 2514 383 2579 ὄλον.

87 2713 300 2722 -.--.--

161 2854 185 2902 2.
206 2845 269 2920 οὖν]
289 2847 325 2916 δή
343 2847 468 2901 Bvat.v.
549 2845 706 2917 ἐπεζεύχθω
724 2847 777 2901 Bv.
864 2852 888 2901 3.
908 2849 973 2918 AB]
992 2852 1042 2900 ΑΒ
1061 2865 1098 2900 m.

126 2920 186 2991 ΓΛ]
206 2937 258 2975 om.
278 2919 337 2987 Bv,
360 2937 396 2972 m.
417 2925 432 2972 2
451 2918 515 2972 Vat.
607 2923 630 2972 5.
656 2917 722 2989 άροι]
742 2917 772 2971 in
790 2935 844 2972 ras.
863 2918 897 2986 V,
921 2916 953 2972 δέ
971 2918 1064 2972 Bvat.
1072 2936 1097 2971 v.

125 2991 177 3045 εἰσι
195 3009 220 3045 v.
312 2996 335 3044 ⁷.
361 2988 466 3059 ἔγγιον]
491 3005 558 3043 corr.
578 3005 612 3042 ex
637 2987 744 3058 ἔγγειον
766 2989 799 3043 V.
891 2996 914 3043 8.
939 2988 1099 3060 ἐπεζεύχθω

89 3065 189 3118 εὐθεῖα
208 3061 225 3130 ἡ
247 3063 298 3116 ΘΛ
317 3058 381 3131 καί]
401 3076 553 3128 suprascr.
573 3078 609 3113 m.
629 3065 644 3112 2
663 3060 697 3114 V.
771 3059 1003 3132 περιγεγράφθω]
1022 3079 1099 3128 περι-

89 3151 173 3204 supra
192 3149 242 3186 scr.
261 3150 297 3185 m.
318 3137 342 3199 2,
360 3130 505 3200 supposita
523 3131 635 3199 lineola,
654 3131 687 3186 V.
779 3137 801 3185 9.
821 3132 895 3185 Ante
913 3132 1014 3193 κύκλος
1033 3130 1098 3184 add.

88 3206 152 3273 περὶ
175 3203 226 3273 τὴν
252 3205 303 3257 ΘΑ
326 3201 449 3256 BVat.v.
539 3203 650 3272 κύκλος]
670 3203 773 3256 κύκλον
791 3221 817 3271 v,
842 3207 878 3268 0⁰
895 3203 925 3258 Β.
1003 3203 1098 3272 ΑΛΚ]

88 3279 201 3332 ΑΛΘΚ
217 3292 258 3342 m,
284 3291 320 3326 m.
341 3278 356 3326 2
376 3272 470 3327 VVat.
562 3273 719 3344 ἐπεζεύχθω
741 3275 794 3328 Bv.
886 3280 927 3328 10.
953 3275 1052 3328 εὐθεῖα
1072 3291 1098 3342 v,

89 3363 178 3416 comp.
193 3346 224 3399 B.
282 3344 317 3414 Θ]
337 3361 421 3413 supra
439 3350 612 3398 scr.m.1v.
667 3350 708 3398 11.
728 3347 789 3417 τοῦ]
808 3352 857 3414 τῆς
875 3345 1000 3399 BVat.v.
1057 3350 1099 3398 12.

90 3417 186 3490 ὄβλεπε
204 3417 270 3471 Vm.
327 3419 368 3468 15.
389 3416 477 3485 ΓΒΔ]
496 3420 576 3470 ΚΒΑ
594 3434 630 3470 m.
691 3421 732 3469 16.
752 3416 1099 3487 κε’]κη’Ἶ,κζ’]Ῑωό.ν.

126 3493 167 3542 18.
184 3479 216 3559 γ’]
236 3501 389 3554 suprascr.
409 3504 444 3540 m.
465 3493 479 3539 1
499 3487 530 3541 B.
603 3485 650 3556 ἣν]
670 3481 703 3553 ἧς
720 3487 843 3542 Βόελπ.
