2334 3788
103 113 168 176 320
497 115 729 167 OATOPTRICA.

101 265 163 321 οῦν
191 256 254 321 ιἰπὸ
283 266 343 321 τοῦ
371 267 495 343 κυρτοῦ
524 257 685 343 ἐνόπτρου
712 263 886 343 θεωρεῖται
913 258 950 322 τὸ
976 261 1049 322 EA
1080 257 1114 322 ἐν

101 375 207 459 γωνίᾳ
234 381 272 456 τῇ
300 372 365 437 ὑπὸ
390 376 497 438 ΑΒΓ.
551 375 764 458 παρακείσόω
794 373 835 456 δη
863 375 1027 459 ἐνοπτρον
1052 370 1115 438 ἐπί-

101 486 203 550 πεδον
235 487 272 550 τὸ
301 490 371 551 ΑΓ
398 487 583 571 ἁπτόμενον
610 499 677 553 τῶν
704 489 813 565 ὄψεων
840 488 922 552 κατὰ
946 488 989 552 τδι
1012 493 1060 570 A,
1080 491 1112 552 Γ.

102 602 227 666 οὐκοῦν
254 600 275 684 ἡ
298 603 375 680 ὄψις
401 602 421 685 ἡ
445 601 610 687 μέλλουσα
639 605 723 668 ίδεῖν
749 604 785 667 τὸ
809 608 840 667 Ε
866 602 929 669 ιἰπὸ
956 611 1019 667 τοῦ
1048 601 1113 667 ἐπι-

66 727 82 775 5
101 715 205 781 πέδου
230 715 392 801 ἐνόπτρου
416 716 477 781 οὐκ
500 719 590 783 ἐστιν
612 716 633 800 ἡ
656 721 768 782 ΒΑΕ·
792 717 833 781 οὐ
856 718 919 803 γὰρ
939 729 1031 782 ποιεῖ
1052 740 1114 799 γω-

101 834 175 907 νίας
199 838 271 907 ίσας
298 833 381 917 πρὸς
408 841 453 919 τῷ
476 831 617 918 ἐπιπέδῳ
642 831 798 919 ἐνόπτρῳ.
840 828 919 896 οὐδὲ
941 834 1009 916 μὴν
1036 837 1112 897 αλα-

101 949 260 1031 σόήσεται
279 946 399 1030 μεταξὺ
418 959 485 1012 τῶν
503 955 545 1030 A,
561 951 595 1012 Γ.
627 948 799 1013 κεκλάσθω
818 948 892 1031 γάρ,
911 949 943 1012 εί
956 948 1111 1030 δυνατόν,

99 1059 154 1124 καὶ
183 1064 264 1126 ἔστω
292 1062 312 1144 ἡ
338 1066 439 1127 ΒΖΕ
464 1065 548 1139 ὄψις.
604 1068 658 1146 ἴση
687 1064 750 1147 ὄρα
777 1063 860 1146 VH
885 1066 991 1144 γωνία
1020 1071 1060 1148 τῇ
1085 1067 1112 1127 Θ

100 1177 156 1239 διὰ
181 1178 246 1260 την·
264 1175 453 1242 ἀνάκλασιν.
499 1176 520 1260 ἡ
544 1174 580 1242 δὲ
606 1183 635 1242 Θ
657 1181 775 1262 μείζων
797 1186 855 1261 της
876 1181 946 1260 ΝΙ,
969 1176 990 1259 η
1015 1173 1052 1240 δέ
1075 1181 1118 1240 Μ

49 1305 82 1354 10
101 1301 159 1374 τῆς
185 1296 235 1356 Η·
269 1292 351 1356 ὥστε
378 1290 434 1356 καὶ
460 1291 480 1375 ἡ
509 1296 554 1356 Μ
575 1302 632 1376 τῆς
659 1296 723 1357 NI
750 1295 868 1376 μείζων
896 1291 1000 1356 ἐστίν·
1034 1292 1112 1376 ὅπερ

100 1406 276 1471 ἀδύνατον.
327 1406 409 1490 αὐτη
439 1408 502 1492 γδιρ
529 1406 550 1489 ι]
578 1412 600 1470 Ι
624 1410 743 1491 μείζων
770 1416 827 1490 της
851 1410 896 1470 Μ
919 1405 1023 1470 ἐστιν·
1057 1413 1110 1488 ίση

100 1521 163 1606 γάρ
187 1521 277 1586 ἐστιν
300 1522 359 1607 ὅλη
380 1530 417 1605 τη
436 1523 519 1606 πρὸς
542 1532 581 1607 τῇ
600 1525 799 1609 περιφερείᾳ.
836 1520 927 1596 ἐκτὸς
950 1522 1016 1607 ἄρα
1035 1520 1113 1586 ιἰνα-

100 1640 321 1720 κλασῖῖησεται
353 1646 413 1701 τοῦ
445 1643 484 1700 A.
542 1637 715 1702 κεαλόσθω
748 1635 802 1702 καὶ
834 1639 915 1701 ἔστω
949 1635 969 1718 ἡ
1002 1641 1112 1701 ΒΚΕ.

100 1753 221 1835 ὁμοίως
249 1749 284 1815 δὲ
311 1750 366 1815 καὶ
393 1751 413 1833 ἡ
438 1756 532 1815 ΒΑΛ
563 1763 709 1816 πεσεῖται
737 1751 836 1827 εἰιτός.
891 1753 928 1815 τὸ
957 1752 1023 1836 ὄρα
1045 1757 1112 1816 EA

50 1879 83 1927 15
102 1867 166 1931 ὑπὸ
189 1869 336 1950 μείζονος
359 1869 481 1948 γωνίας
504 1873 678 1951 θεωρεῖται
708 1865 771 1930 ἀπὸ
796 1875 856 1930 τοῦ
879 1865 1038 1932 ἐπιπέδου
1062 1867 1111 1932 ἐν-

102 1985 225 2065 όπτρου
257 1989 315 2063 τῆς
346 1980 577 2064 περιεχομένης
608 1981 672 2045 ὑπὸ
706 1985 809 2044 ΚΒΑ
841 1982 922 2064 ἥπερ
957 1981 1021 2046 ιἰπὸ
1053 1992 1111 2046 τοῦ

100 2105 233 2181 κυρτοῦ.
285 2102 358 2160 ίσον
387 2093 423 2159 δὲ
451 2095 583 2179 ἐδείχθη
608 2099 812 2181 φαινόμενον
840 2096 945 2183 ἐντῷ
970 2096 1111 2184 ἐπιπέδῳ

102 2210 257 2297 ἐνόπτρῳ.
295 2213 443 2296 φανερὸν
466 2208 538 2293 οὖν,
561 2212 611 2275 ὄτι
635 2211 699 2276 ιἰπὸ
723 2221 783 2275 τοῦ
806 2220 929 2297 κυρτοῦ
950 2211 1111 2298 ἐνόπτρου

100 2327 137 2389 τὸ
160 2327 298 2389 εἴδωλον
322 2329 461 2390 ἔλασσον
485 2330 637 2409 φαίνεται
660 2335 719 2390 τοῦ
744 2324 922 2410 ὁρωμένου.

173 2576 195 2622 1.
221 2568 366 2641 ἐνόπτρου]
391 2569 526 2638 ἐνόπτρου
549 2579 598 2624 τοῦ
622 2574 708 2625 ΑΘΓ
726 2590 762 2625 m.
858 2577 881 2624 2.
910 2573 1012 2642 ΑΒΓ]
1037 2577 1059 2625 Α
1082 2571 1111 2624 in

101 2658 154 2693 ras,
174 2641 207 2693 V.
272 2647 295 2695 3.
315 2639 361 2712 τοί]
380 2639 411 2694 τό
429 2641 485 2722 Μ,Ι
518 2648 555 2696 ’4.
575 2641 685 2713 Mam]
705 2659 757 2696 om.
773 2643 895 2696 VMvm.
961 2640 1110 2732 μέλλουσα]

101 2711 191 2764 lacun.
211 2712 247 2764 M.
331 2713 371 2782 E]
389 2714 457 2765 mut.
477 2730 507 2764 m
527 2716 582 2766 EA
600 2731 635 2766 m.
656 2719 671 2765 2
691 2713 724 2766 V.
806 2719 830 2766 5
851 2712 923 2766 ἐστιν
942 2713 977 2784 ἡ]
999 2713 1110 2781 ἐσταιη

101 2785 205 2906 7777ιῖ
206 2791 277 2906 {1¹3³
274 2872 308 2905 m
343 2790 365 2836 7
364 2781 609 2943 ὄόίῗίίίὄῖ
632 2789 702 2908 τί.
719 2783 824 2908 ὄ77
806 2804 863 2909 ⁰⁶⁹3.
881 2781 1010 2924 7ίόὄό
1023 2734 1110 2921 Βίό]

100 2855 200 2992 &Mea
219 2924 282 2976 add.
303 2922 399 2992 γωνία,
418 2943 453 2979 m.
518 2875 654 3012 μεῖζονγῖ,
675 2909 774 2992 μείζων
793 2923 848 2978 ἐστί
867 2943 902 2978 m.
968 2928 1001 2977 N
1005 2926 1035 2997 Ι]
1055 2927 1110 2992 Vv,

101 2996 155 3048 υπὸ
176 2999 253 3048 ΒΑΖ
271 3013 307 3061 m,
328 2998 359 3048 N
374 2996 410 3049 M.
472 2995 489 3063 ἡ
509 2993 588 3048 δέ-
605 3003 645 3048 12.
665 2995 839 3119 περιφερείᾳ]
858 2995 939 3048 καὶ
925 3016 942 3064 η
962 2997 1018 3050 ὑπὸ
1035 3001 1110 3050 ΒΖΑ

102 3066 157 3132 ἀρα
181 3069 342 3134 (suprascr.
363 3085 398 3119 m.
420 3069 444 3134 1)
467 3065 555 3134 γωνία
578 3065 712 3134 μείζωνέ
714 3068 755 3120 στὶ
776 3075 825 3136 τῆς
847 3067 902 3119 υπὸ
922 3071 1012 3119 ΒΑΖ·
1044 3066 1111 3135 ὅπερ

102 3137 175 3190 ἐστίν
194 3137 337 3190 όιδόνατον
356 3155 391 3190 m.
462 3144 502 3191 10.
524 3139 566 3208 Η]
588 3141 619 3190 N
635 3139 693 3190 Mv.
768 3139 831 3208 NI]
852 3140 885 3189 N
901 3137 944 3192 V?
955 3138 991 3192 M.
1054 3147 1111 3207 μεῖ-

101 3211 148 3272 ζον
167 3227 192 3260 ν.
267 3214 306 3262 11.
328 3209 357 3278 Ι]
378 3210 410 3260 Ν
426 3208 462 3261 M.
535 3211 627 3276 μεῖζον
646 3227 670 3261 v.
743 3209 802 3279 τῆς]
822 3216 870 3261 τοῦ
890 3208 926 3261 M.
1002 3209 1110 3263 12.ἐιι-

101 3314 158 3385 τός]
184 3313 261 3375 ἐντός
279 3315 315 3368 M.
409 3320 448 3367 14.
475 3311 586 3385 ὁμοίως]
607 3294 626 3382 ό
644 3314 675 3367 V.
768 3311 815 3385 δέ]
840 3330 892 3367 om.
912 3315 948 3367 M.
1034 3314 1112 3376 ἐκτός

101 3395 225 3439 πεσεῖται
243 3393 291 3438 τοῦ
312 3390 338 3438 Γ
353 3404 388 3438 m.
463 3391 502 3438 16.
522 3394 622 3453 τῆς-
642 3386 733 3455 ΚΒΑ]
753 3402 805 3439 om.
823 3404 858 3438 m.
933 3391 974 3438 17.
995 3383 1059 3440 ίσον
1079 3417 1111 3426 -

103 3464 142 3509 18.
169 3456 307 3528 ἐνόπτρῳ]
332 3455 430 3523 μείζων
455 3455 506 3525 γὰρ
530 3457 547 3524 ἡ
571 3456 625 3509 ὑπὸ
645 3460 723 3509 ΚΒΑ
751 3465 799 3526 τῆς
821 3457 876 3510 ὑπὸ
895 3460 978 3509 ΑΒΓ
997 3455 1048 3510 καί
1075 3476 1111 3511 m.
1135 3464 1138 3473 '
