2334 3788
307 101 516 153 orrlcoauu
533 103 711 154 uacuusro
731 103 897 155 rumoris.
1044 101 1106 164 147

94 266 180 330 rere3
212 267 310 328 quare
344 267 398 310 eos
432 245 530 309 etiam
563 247 694 310 umbras
727 246 914 312 diminuere.
968 247 1107 312 maiores

96 356 215 415 autem.
229 351 420 436 corporibus
443 353 578 416 umbrae
603 357 687 437 sunt,
710 352 767 416 ubi
789 353 882 438 ignes
905 353 1106 419 illustrantes

94 458 236 522 minores
267 463 358 542 sunt3
389 457 424 521 in
451 457 492 521 iis
521 458 608 522 enim
635 457 765 544 aoeidit,
797 465 834 523 ut
861 459 944 524 radii
971 460 1107 525 extremi

94 585 128 628 se
147 562 329 627 diffundant
347 568 380 628 et
398 568 524 648 partem
544 564 769 628 adumbratam
783 565 940 630 maiorem
954 566 1105 632 efficiant.

92 670 155 735 hoo
179 675 288 734 autem
310 692 476 753 nunquam
500 670 668 753 accideret,
690 671 755 735 nisi
773 671 855 735 radii
879 673 919 736 ab
938 672 1014 758 igne
1033 694 1129 758 pro-·

91 777 170 841 fecti
190 778 365 841 seeundum
383 781 488 841 rectas
508 776 678 841 ferrentur.
712 778 975 844 manifestissime
996 784 1105 844 autem

93 883 238 948 omnium
262 884 324 948 hoo
347 883 383 947 in
404 883 445 947 iis
469 883 556 948 oerni
579 889 697 970 potest,
721 907 803 968 quae
825 885 955 970 proprie
975 887 1015 949 ad
1033 908 1105 950 eam

91 1012 161 1054 rem
184 995 422 1075 comparantur.
459 1012 535 1054 nam
559 991 586 1054 si
610 991 650 1054 ad
668 991 834 1056 lucernam
858 1014 988 1075 quoquo
1007 994 1104 1057 modo

92 1096 286 1162 collocatam
310 1095 484 1179 adponitur
507 1095 628 1160 tabella
650 1097 767 1160 rimam
785 1097 908 1162 habens
930 1098 1020 1162 tenui
1040 1121 1104 1163 ser-

91 1203 164 1267 rula
186 1203 321 1287 factam,
347 1202 396 1266 ita
423 1208 460 1266 ut
483 1201 565 1266 rima
589 1202 713 1266 mediae
736 1203 886 1268 lucernae
911 1210 1103 1289 opponatur,

91 1314 124 1374 et
151 1309 187 1373 in
214 1309 317 1373 altera
342 1312 435 1393 parte
458 1309 534 1374 huic
557 1308 697 1373 tabellae
725 1310 806 1374 satis
833 1310 1016 1395 propinqua
1039 1311 1104 1376 alia

89 1416 213 1480 tabella
227 1415 415 1500 collocatur,
432 1414 468 1479 iu
482 1437 580 1498 quam
596 1417 688 1480 cadet
707 1415 826 1502 radius,
846 1417 901 1500 qui
914 1439 972 1502 per
986 1417 1103 1483 rimam

90 1523 211 1607 fertur,
244 1544 369 1606 semper
401 1522 527 1586 radium
558 1523 594 1586 in
623 1523 778 1588 tabellam
806 1524 973 1588 cadentem
1005 1525 1102 1590 raetis

91 1629 186 1694 lineis
212 1629 480 1712 comprehensum
503 1629 706 1694 inueniemus
730 1634 763 1694 et
786 1629 914 1716 lineam,
938 1653 1019 1714 quae
1038 1654 1103 1696 me-

90 1734 178 1799 diam
200 1734 366 1800 luoernam
390 1739 423 1800 et
441 1735 557 1800 rimam
577 1736 715 1801 tabellae
735 1737 914 1822 conirmgit
936 1737 972 1800 in
990 1738 1102 1802 eadem

89 1847 179 1906 reeta
203 1842 356 1925 positam.
365 1839 390 1928 1)

155 1948 221 2012 iam
249 1970 323 2012 oum
352 1948 560 2012 manifestum
584 1953 668 2012 esset
696 1953 729 2012 et
753 1949 903 2013 omnibus
928 1953 1101 2034 constaret,

90 2076 219 2118 omnem
237 2054 343 2118 lucam
363 2054 537 2118 seeundum
556 2059 678 2118 rectam
694 2054 814 2119 lineam
833 2055 919 2140 ferri,
939 2056 979 2119 ad
993 2055 1101 2120 uisum

89 2161 261 2245 radiosque
285 2160 325 2224 ab
346 2182 384 2225 eo
404 2159 522 2224 effusas
541 2160 674 2224 transiri
692 2161 824 2226 uolebat
844 2165 941 2244 atque
960 2161 1102 2248 concedi,

88 2289 144 2332 eos
169 2268 343 2331 seeundum
366 2267 469 2330 lineas
492 2271 597 2330 rectas
616 2266 694 2331 ferri
718 2267 842 2332 stillas
863 2266 992 2352 quidem
1014 2266 1101 2332 inter

90 2396 124 2438 se
148 2373 322 2456 distantes,
351 2378 383 2437 et
410 2395 448 2438 ea
475 2373 514 2437 de
538 2394 635 2438 causa
660 2395 700 2437 ne
725 2396 806 2459 quae
831 2377 1007 2439 comuntur
1034 2374 1102 2458 qui-

90 2480 172 2565 dem,
190 2483 262 2544 tota
281 2479 378 2544 simul
398 2478 494 2564 cerni,
512 2480 592 2544 haee
608 2479 791 2545 admonens.
826 2503 921 2566 saepe
940 2480 1027 2544 enim
1041 2503 1102 2546 aou

89 2586 195 2650 alioue
230 2586 389 2651 eiusmodi
421 2586 613 2671 corpusculo
649 2585 740 2649 humi
773 2586 919 2651 coniecto
952 2587 1100 2652 homines

88 2692 169 2757 satis
203 2692 347 2756 studiose
380 2692 562 2775 quaerendo
596 2713 727 2776 operam
754 2691 912 2756 dederunt
944 2696 976 2757 et
1004 2715 1100 2778 saepe

87 2800 224 2864 eundem
247 2799 358 2863 looum
380 2797 576 2882 perscrutati
600 2802 685 2882 sunt,
708 2820 782 2862 oum
804 2798 888 2862 nihil
908 2799 1099 2883 corpusculo

159 2959 185 3024 1)
203 2954 310 3008 Debuit
329 2954 369 3007 sic
384 2953 452 3009 dioi:
472 2953 585 3041 lineam,
605 2969 677 3022 quae
690 2953 813 3008 mediam
827 2953 973 3008 lucernam
985 2953 1098 3008 rimam-

86 3043 141 3095 que
164 3025 265 3095 prioris
289 3024 414 3080 tabellae
438 3028 467 3079 et
485 3027 620 3095 punctum
642 3025 816 3080 illustratum
838 3025 953 3080 alterius
972 3024 1099 3080 tabellae

88 3098 250 3167 coniungat,
271 3113 380 3166 semper
397 3099 503 3150 restam
522 3112 590 3150 esse.

85 3257 154 3295 oorr.
175 3255 208 3292 ex
227 3236 276 3294 καί
299 3258 335 3294 m.
354 3255 408 3292 reo.
428 3239 460 3292 V.
552 3243 593 3292 18.
614 3234 676 3310 odo]
696 3255 785 3364 comp.
804 3239 838 3308 V,
863 3253 947 3308 supra
970 3253 1021 3292 sor.
1042 3233 1094 3293 oda

85 3329 120 3364 m.
140 3326 193 3364 reo.
286 3316 326 3364 19.
352 3306 527 3380 μεταβαίνων
546 3328 572 3380 p.
664 3315 705 3364 20.
724 3310 818 3448 figora}
838 3310 914 3375 ἀξιοῖ
930 3326 966 3362 m.
985 3324 1039 3363 reo.
1057 3308 1137 3371 V„

121 3388 162 3435 21.
183 3379 231 3436 καί
246 3384 319 3454 (pr.)]
341 3381 394 3435 del.
414 3399 450 3434 m.
469 3396 523 3434 reo.
542 3381 575 3436 V.
657 3387 699 3436 22.
719 3383 799 3435 διαστ
819 3397 903 3449 μασιν
921 3379 977 3435 Vv.
1049 3383 1093 3437 2⁶.

84 3451 304 3524 νροσεκάθησαν
323 3471 349 3507 v.
392 3507 394 3512 ,
423 3457 464 3506 26.
484 3451 589 3520 τρόπον
607 3470 633 3521 p.
707 3450 877 3520 ἐμάστενσαν
895 3451 928 3509 V.

886 3539 944 3591 m*
