2334 3788
104 157 171 220 ηερ
527 157 682 207 SOHOLIA

173 301 223 365 84.
245 298 374 376 ’Ἁλλως
396 301 433 364 τὸ
456 298 499 364 ν’.

172 410 254 471 ἔστω
278 406 448 490 ὁρώμενον
471 404 611 489 μέγεθος
634 406 671 468 τὸ
690 407 770 487 ΚΔ,
793 403 908 468 εὐθεῖα
931 400 971 466 δὲ
994 407 1119 484 πλαγία

106 516 187 578 ἔστω
211 513 231 596 ή
255 515 331 595 ΒΓ,
356 511 412 576 καὶ
434 512 732 597 προσεκβεβλήσθω
756 508 806 574 ἐπ’
827 509 961 584 εὐθείας
984 518 1026 594 τῇ
1049 512 1122 573 ΔΚ

106 621 126 704 ή
144 624 179 683 Κ
183 622 215 683 Γ
232 617 288 683 καὶ
306 618 518 703 συμβαλλέτω
537 628 577 703 τή
591 621 659 681 ΒΓ
677 618 759 681 κατὰ
777 617 866 698 τὸΓ,
889 612 946 678 καὶ
962 615 1119 699 εἰλήφθω

71 739 87 786 5
105 738 173 790 τῶν
190 731 223 790 Λ
229 728 266 809 Γ,
286 728 354 788 ΓΚ
374 724 455 809 μέση
474 724 640 806 ἀνάλογον
662 722 682 805 ή
702 725 773 805 ΓΖ,
795 719 851 785 καὶ
870 723 952 786 ἔστω
971 723 1012 786 τὸ
1031 723 1119 805 ὄμμα

106 834 143 897 τὸ
169 837 206 915 Ζ,
229 830 286 896 καὶ
308 833 575 916 μετακεκινήσθω
599 831 636 895 τὸ
660 832 748 913 ὄμμα
769 829 807 892 τὸ
828 833 855 892 Ζ
877 826 933 892 καὶ
955 829 1041 892 ἔστω
1068 825 1120 892 ἐπὶ

105 947 164 1021 τής
173 938 274 1021 αύτής
285 938 418 1015 εὐθείας
427 941 464 1003 τὸ
474 944 511 1003 Β.

108 1043 202 1127 λέγω,
226 1045 277 1109 ὅτι
298 1046 335 1108 τὸ
358 1045 424 1110 ὑπὸ
448 1057 515 1110 τῶν

110 1156 147 1234 Ζ,
161 1156 190 1215 Β
209 1151 379 1236 ὁρώμενον
397 1153 515 1217 ἄνισον

56 1270 89 1317 10
109 1259 300 1341 φανήσεται.
315 1257 514 1343 ἐπεζεύχθω·
755 1283 806 1351 Μ

108 1381 171 1428 σαν
207 1364 336 1433 εὐθεῖαι
372 1366 409 1428 αί
439 1369 514 1447 ΚΖ,
557 1348 806 1475 PAVJ

110 1475 185 1552 ΖΛ,
204 1474 280 1553 ΚΒ,
298 1474 370 1553 ΒΛ,
390 1469 445 1535 καὶ
464 1495 515 1553 γε·
701 1497 738 1555 K

108 1576 252 1661 χρύφθω
270 1575 346 1662 περὶ
359 1577 395 1640 τὸ
410 1581 445 1640 Κ
450 1582 514 1642 ΖΛ
904 1660 907 1665 Ι

109 1686 273 1765 τρίγωνον
295 1692 404 1767 τμῆμα
425 1685 549 1749 κύκλου
572 1687 609 1749 τὸ
628 1689 663 1748 Κ
667 1690 741 1768 ΖΛ,
764 1683 819 1748 καὶ
841 1686 965 1747 κείσθω
989 1693 1030 1767 τῇ
1054 1682 1121 1746 ὑπὸ
1153 1700 1155 1705 ·

58 1800 91 1847 15
109 1799 177 1853 τῶν
196 1791 290 1852 ΓΒΛ
312 1794 418 1876 γωνία
441 1797 495 1873 ίση
513 1790 533 1873 ή
552 1791 616 1855 ὑπὸ
635 1802 702 1856 τῶν
722 1793 835 1872 ΓΚΗ,
858 1787 914 1853 καὶ
933 1787 1121 1871 ἐπεζεύχθω

110 1895 130 1976 ἡ
158 1898 239 1958 ΗΛ.
293 1894 329 1959 ἐν
359 1897 468 1984 κύκλω
502 1900 566 1983 ἄρα
594 1896 662 1961 ε’στὶ
688 1899 725 1962 τὸ
753 1899 905 1961 ΛΚΗΒ.
958 1892 1030 1958 ἐπεὶ
1059 1890 1122 1959 οὖν

110 2004 227 2084 μείζων
245 2000 265 2083 ή
283 2001 349 2066 ὑπὸ
368 2007 403 2066 Κ
407 2008 471 2066 ΖΛ
488 2013 546 2088 τής
563 2003 628 2068 ὑπὸ
647 2008 768 2067 ΚΗΛ·
793 2002 1038 2084 ἐπιζευχθείσης
1057 2002 1122 2087 γὰρ

110 2115 167 2190 τής
192 2111 260 2170 ΘΚ
280 2111 427 2192 φανερὸν
449 2119 560 2174 τοῦτο·
589 2115 642 2191 λ’ση
666 2106 703 2173 δὲ
726 2110 746 2193 ή
768 2109 833 2173 ὑπὸ
856 2110 966 2171 ΚΗΛ
989 2118 1030 2192 τῇ
1054 2107 1122 2172 ὑπὸ

111 2216 224 2295 ΚΒΑ,
256 2213 429 2302 ἐπειδήπερ
458 2215 494 2281 ε’ν
521 2225 566 2303 τῷ
595 2217 683 2302 αύτῷ
711 2217 854 2298 τμήματί
879 2213 982 2297 ἐστιν,
1016 2213 1075 2278 καὶ
1102 2214 1122 2297 ή

58 2331 93 2379 20
112 2318 176 2381 ὑπὸ
200 2322 235 2381 Κ
240 2323 304 2382 ΖΛ
327 2322 391 2406 ίίρα
413 2332 471 2405 της
492 2323 558 2386 ὑπὸ
581 2326 681 2385 ΚΒΑ
703 2325 820 2405 μείζων
844 2319 941 2385 ἐστίν.

78 2428 99 2493 -ἓ
179 2425 293 2506 ἔχομεν
316 2426 391 2511 χοίρ·
418 2437 484 2491 τῶν
508 2427 544 2491 ἐν
566 2439 635 2503 τοῖς
657 2427 789 2502 κύκλοις
811 2428 1066 2512 τετραπλεύρων
1090 2429 1127 2491 αί

113 2529 310 2593 ἀπεναντίον
333 2535 450 2612 γωνίαι
474 2531 573 2596 δυσὶν
596 2531 715 2618 ὀρθαῖς
738 2538 806 2595 λ’σαι
829 2534 926 2595 εἰσίν·
958 2533 1043 2596 ὥστε
1068 2531 1124 2597 καὶ

112 2637 149 2699 τὸ
169 2634 406 2722 ἀντίστροφον·
426 2636 484 2702 ἐὰν
502 2640 743 2724 τετραπλεύρου
758 2639 795 2701 αί
807 2637 1007 2702 ἀπεναντίον
1022 2637 1124 2703 δυσὶν

114 2742 233 2826 ὀρθαῖς
256 2749 325 2807 ίσαι
348 2739 441 2825 ὦσιν,
464 2743 500 2807 ἐν
522 2747 631 2831 κύκλῳ
655 2742 723 2808 ἐστὶ
743 2745 781 2808 τὸ
799 2743 1055 2829 τετράπλευρον,
1080 2746 1125 2822 ὡς

63 2861 97 2908 25
117 2847 273 2932 δείξομεν.
320 2845 388 2912 ἐπεὶ
416 2843 478 2913 οὖν
505 2849 525 2931 ή
547 2850 612 2914 ὑπὸ
637 2853 745 2913 ΓΚΗ
773 2856 826 2932 ίση
854 2858 893 2933 τῇ
920 2848 986 2914 ὑπὸ
1013 2854 1125 2933 ΓΒΛ,

184 3045 226 3093 84.
246 3040 271 3092 V
284 3057 349 3108 mg„
368 3059 387 3107 q
406 3043 492 3109 (prop.
507 3046 541 3092 43
560 3041 590 3092 in
604 3041 630 3093 V
649 3043 691 3093 est
710 3041 762 3109 v');
782 3040 829 3094 cfr.
849 3043 904 3108 opt.
920 3043 976 3094 uet.
992 3059 1075 3112 prop.
1090 3049 1124 3096 42

113 3110 207 3172 ἄλλως,
290 3110 350 3164 Lin.
367 3117 398 3164 21
411 3129 450 3178 sq.
470 3112 593 3180 pertinet
611 3112 648 3164 ad
663 3117 721 3165 ΔΚ
726 3116 755 3164 Η
760 3117 780 3164 Β
799 3111 847 3165 lin.
863 3117 905 3179 16,
924 3129 979 3179 quo
1001 3113 1086 3183 signo
1103 3121 1125 3167 V

112 3181 232 3236 refertur
249 3179 279 3232 in
296 3181 352 3250 Vq.

186 3366 227 3414 11.
252 3359 298 3430 αἱ]
322 3378 353 3427 q,
380 3377 415 3412 m.
436 3375 489 3412 rec.
508 3359 541 3412 V.
633 3365 673 3412 15.
705 3360 801 3428 ΓΒΔ]
827 3375 841 3410 ο
866 3376 934 3413 corr.
958 3377 994 3415 m.
1016 3379 1071 3417 rec.
1092 3365 1125 3432 V,

116 3433 193 3484 ΓΔΒ
212 3448 237 3497 q.
315 3437 355 3484 16.
375 3429 418 3500 τό]
439 3448 457 3496 q
480 3432 509 3482 et
527 3446 595 3482 corr.
616 3446 649 3482 ex
667 3435 704 3501 τῷ
723 3448 758 3483 m.
778 3446 831 3482 rec.
850 3430 882 3482 V.
962 3436 1005 3485 20.
1026 3435 1126 3505 τῆς]η

112 3503 143 3552 ελ
160 3517 227 3556 corr.
249 3517 283 3556 ex
301 3509 345 3573 τήν
364 3501 396 3556 V.
