2324 3788
97 107 142 170 34
439 111 609 164 ευοοιοιε
628 113 767 166 οΡΉοι.

97 249 226 326 ἀκτῖνες
249 253 286 316 αί
306 256 382 336 ΑΒ,
405 259 480 337 ΑΛ,
503 258 579 336 ΑΕ,
603 259 679 339 ΑΖ,
698 259 780 340 ΑΗ,
797 260 877 340 ΑΘ,
895 261 972 323 ΑΓ.
1018 256 1113 343 λέγω,

98 357 149 422 ὅτι
179 357 199 439 ἡ
223 361 291 423 ΒΓ
317 358 509 445 περιφέρεια
539 361 655 426 εὐθεῖα
685 366 848 447 φαίνεται.
897 368 1026 436 κείσθω
1056 375 1112 449 τῆς

96 469 307 551 περιφερείας
329 467 366 531 τὸ
384 466 523 551 κέντρον
541 466 596 532 καὶ
614 471 697 533 ἔστω
715 470 752 533 τὸ
771 473 813 554 K,
835 467 892 535 καὶ
910 471 1110 556 ἐπεζεύχθω-

97 586 161 636 σαν
186 572 315 637 εὐθείαι
339 575 376 637 αί

60 680 177 761 ὀΚΒ,
196 682 276 762 ΚΔ,
294 683 373 764 ΚΕ,

97 788 173 867 ΚΖ,
196 789 277 869 KH,
296 789 331 849 Κ
335 790 373 869 Θ,

96 893 170 955 ΚΓ.
216 890 284 956 ἐπεὶ
311 889 373 958 οὖν

95 996 115 1079 ἡ
139 1001 205 1063 ΚΒ
228 998 292 1062 ὑπὸ
316 1007 374 1081 τῆς

94 1103 160 1168 ὑπὸ
185 1107 283 1194 ΚΑΒ
309 1127 372 1186 γω-

60 1215 170 1288 ονίας
209 1209 373 1294 βλέπεται,
398 1238 426 1274 κε

95 1315 115 1399 η
144 1314 181 1381 δὲ
208 1321 278 1380 ΚΔ
307 1318 372 1382 ὑπὸ

95 1431 153 1506 της
175 1423 240 1488 ὑπὸ
264 1427 373 1506 ΚΑΛ,

95 1532 214 1613 μείζων
237 1531 302 1615 ἄρα
324 1532 507 1614 φανήσεται
530 1531 550 1614 ἡ
574 1529 634 1616 μέν
659 1536 724 1597 ΚΒ
747 1542 805 1616 τῆς
827 1536 911 1616 ΚΛ,
934 1531 955 1615 ἡ
979 1531 1018 1598 δέ
1040 1538 1108 1599 ΚΔ

95 1645 153 1720 της
171 1640 247 1719 ΚΕ,
270 1635 290 1718 ἡ
314 1633 351 1700 δὲ
369 1640 437 1701 ΚΕ
458 1647 515 1721 τῆς
533 1641 609 1722 KZ,
632 1638 687 1703 καλ
710 1638 746 1704 ἐκ
768 1648 828 1703 τοῦ
851 1636 965 1723 ἑτέρου
987 1639 1108 1727 μέρους

60 1744 115 1827 5η
143 1741 203 1829 μὲν
230 1747 301 1808 ΚΓ
322 1753 379 1828 τῆς
406 1748 487 1829 ΚΘ,
519 1743 539 1827 ἡ
567 1741 604 1810 δὲ
631 1749 699 1810 ΚΘ
725 1755 783 1829 τῆς
809 1749 894 1830 ΚΗ,
921 1746 942 1829 ἡ
971 1743 1009 1811 δὲ
1037 1749 1110 1819 KH

95 1861 152 1936 της
170 1856 235 1916 ΚΖ
254 1855 372 1937 μείζων
390 1855 581 1937 φανήσεται.
616 1853 672 1916 διὰ
690 1861 788 1916 τοῦτο
808 1854 849 1937 δὴ
868 1861 925 1936 τῆς
943 1855 1106 1938 μενούσης

95 1959 228 2035 εὐθείας
246 1969 304 2043 τῆς
322 1960 414 2043 ΚΑ]ι
432 1959 572 2034 κάθετος
590 1958 610 2040 ἡ
629 1962 697 2023 ΒΓ
714 1957 768 2023 ἀεί
784 1957 881 2024 ἐστιν.
913 1961 954 2024 τὰ
972 1957 1005 2024 δ’
1024 1960 1106 2026 αὐτὰ

95 2067 296 2148 συμβήσεται
318 2064 374 2130 καὶ
397 2064 449 2130 ἐπὶ
472 2074 529 2149 τῆς
551 2069 663 2147 κοίλης
685 2068 903 2150 περιφερείας.

516 2241 672 2319 ’Ἄλλως

60 2373 77 2421 0
97 2429 100 2439 ,
161 2367 319 2431 Δυνατὸν
337 2363 374 2430 δέ
393 2365 447 2430 καὶ
466 2363 515 2430 ἐπ’
532 2367 643 2431 αὐτῶν
662 2375 729 2431 τῶν
742 2368 851 2443 ὄψεων
869 2375 973 2430 ταῦτα
987 2365 1104 2451 λέγειν,

95 2471 146 2535 ὅτι
174 2470 324 2556 ἐλαχίστη
352 2469 413 2555 μέν
439 2472 460 2555 ἡ
487 2471 606 2556 μεταξὺ
635 2481 694 2537 τοῦ
723 2479 755 2538 Α
787 2474 931 2556 ὄμματος
963 2471 1020 2538 καὶ
1050 2482 1104 2558 της

95 2576 287 2664 διαμέτρου,
315 2576 365 2642 ιἰεὶ
392 2575 429 2642 δέ
456 2577 476 2660 ἡ
500 2581 612 2661 ἔγγιον
640 2578 740 2661 αὐτῆς
764 2577 908 2643 ἐλάττων
935 2588 994 2663 τῆς
1017 2579 1104 2645 ἀπώ-

94 2708 199 2770 τερον.
259 2685 361 2750 ταύτὰ
393 2682 430 2749 δέ
462 2688 635 2769 συμβαίνει
667 2683 722 2749 καὶ
756 2684 841 2770 [ἐὰν]
874 2685 1020 2751 καθέτου
1054 2685 1103 2752 ἐπ’

94 2789 199 2874 αὐτὴν
227 2791 328 2875 οὔσης
354 2800 412 2874 τῆς
434 2797 467 2856 Α
473 2796 510 2855 Ζ.
556 2792 612 2855 διὰ
640 2800 737 2855 τοῦτο
761 2795 948 2875 φαντασίαν
971 2793 1105 2870 εὐθείας

59 2905 75 2954 5
94 2894 286 2961 ἀποστέλλει
307 2896 328 2979 ἡ
351 2896 553 2984 περιφέρεια,
575 2897 631 2962 καὶ
653 2898 793 2982 μάλιστα
815 2901 847 2962 εί
868 2897 930 2962 ἀπὸ
951 2903 1106 2977 πλείονος

94 3006 248 3087 φαίνοιτο
277 3003 496 3087 διαστήματος
523 3005 605 3068 ὥστε
633 3006 676 3088 μὴ
705 3005 995 3070 συναισθάνεσθαι
1021 3005 1107 3092 ἡμᾶς

94 3119 152 3193 τῆς
174 3112 380 3196 κυρτότητος.
427 3110 483 3174 διὰ
505 3119 603 3174 τοῦτο
630 3109 686 3174 καὶ
713 3112 749 3174 ολ
768 3112 812 3194 μὴ
835 3110 924 3175 πάνυ
948 3110 1105 3179 ἀποτετα-

94 3216 187 3300 μένοι
210 3215 305 3280 κάλοι
328 3215 363 3280 ἐκ
385 3219 527 3297 πλαγίου
551 3211 611 3300 μὲν
630 3216 791 3302 ὁρώμενοι
812 3215 1000 3302 ἐγγάλασμα
1019 3223 1106 3304 ἔχειν

165 3397 189 3445 ε.
211 3392 280 3462 ΒΓ]
302 3394 351 3444 ΓΒ
370 3390 435 3444 vat.
517 3390 753 3461 παιηεαω.
840 3392 1104 3463 ο.πΖ]αΓΒι.

130 3468 154 3517 8.
174 3464 239 3534 KB]
259 3467 314 3516 ΒΚ
331 3481 356 3515 τ.
434 3468 458 3516 9.
477 3460 544 3532 ὑπό]
564 3478 648 3531 supra
667 3479 717 3516 scr.
736 3462 860 3516 ΜΚ.
938 3465 1105 3536 KAB]KB
