2334 3788
88 135 154 200 210
298 138 508 190 OPTICORUM
526 138 704 190 RECENSIO
724 139 890 191 THEONIS.

87 278 143 345 καῖ
166 280 302 365 ἀνήχθω
327 279 390 346 ἀπὸ
413 289 473 345 τοῦ
492 285 531 346 Ν
549 290 589 367 τῇ
609 285 690 346 ΛΜ
706 283 789 368 πρὸς
812 281 918 367 ὀρθὰς
940 278 1105 366 μετέωρος

88 388 203 452 εύθεῖα
228 387 248 470 ἡ
272 387 354 471 ΝΞ,
387 386 441 452 καὶ
469 391 550 452 ἔστω
578 386 598 470 ἡ
622 387 692 461 ΝΞ
715 396 755 473 τῇ
779 393 842 452 ΕΖ
870 393 938 471 ἴση·
970 388 1007 451 τὸ
1036 388 1104 472 ἄρα

87 492 161 580 περὶ
189 495 250 577 τὴν
273 499 354 559 ΛΜ
376 498 587 580 γραφόμενον
613 503 723 579 τμῆμα
753 492 809 558 καὶ
837 492 1013 580 ἐρχόμενον
1043 493 1103 557 διὰ

87 609 146 665 τοῦ
161 600 192 674 Ξ
207 604 317 685 μεῖζόν
336 599 425 666 ἐστιν
443 600 650 684 ἡμικυκλίου,
665 600 842 687 ,ἐπειδήπερ
860 600 880 683 ἡ
895 599 965 673 ΝΞ
980 602 1103 683 μείζων

52 718 68 766 5
87 705 177 772 ἐστὶν
200 705 352 794 ἑκατέρας
373 718 440 773 τῶν
464 712 547 791 AN,
566 712 653 772 ΝΜ.
695 709 776 771 ἔστω
800 708 837 772 τὸ
862 706 1020 789 ΛΣΞΜ,
1042 703 1102 770 καὶ

87 813 335 898 ἐπεζεύχθωσαν
357 816 394 878 αι’
415 813 493 897 ΞΛ,
513 813 592 888 ΞΜ
638 813 657 897 ἡ
682 815 746 900 ἄρα
767 815 850 900 πρὸς
872 823 917 900 τῷ
941 811 971 886 Ξ
993 814 1102 894 γωνία

86 920 106 1003 ἡ
128 919 342 1006 περιεχομένη
364 921 429 985 ὑπὸ
453 931 520 984 τῶν
539 919 653 993 ΛΞΜ
671 926 724 1004 ἴση
749 918 816 984 ἐστὶ
839 930 879 1006 τῇ
901 921 984 1006 πρὸς
1003 928 1049 1006 τῷ
1069 923 1104 982 Ε

86 1030 207 1114 σημείῳ
231 1036 271 1112 τῇ
293 1025 506 1113 περιεχομένη
529 1027 594 1091 ὑπὸ
618 1037 685 1091 τῶν
704 1026 989 1109 ἐπιζευγνυουσῶν
1011 1026 1047 1090 τὸ
1068 1031 1103 1089 Ε

84 1131 140 1197 καὶ
162 1134 202 1197 τὰ
227 1137 263 1217 Γ,
281 1140 315 1199 A
337 1145 462 1218 σημεῖα.
508 1132 668 1197 ἐκκείσθω
691 1142 731 1218 τῇ
753 1134 817 1198 ὑπὸ
840 1143 908 1197 τῶν
930 1137 1008 1214 ΕΖ,
1029 1136 1105 1196 ΖΗ

33 1252 66 1300 10
86 1246 139 1323 ἴση
167 1241 187 1324 ἡ
212 1241 277 1305 ὑπὸ
300 1250 368 1304 τῶν
391 1243 471 1322 AN,
495 1244 534 1304 Ν
536 1244 578 1322 O,
603 1237 659 1303 καὶ
682 1238 867 1325 ἀφῃρήσθω
892 1245 945 1320 ἴση
969 1246 1009 1323 νῇ
1032 1243 1101 1302 ΕΖ

84 1345 104 1427 ἡ
137 1351 176 1412 Ν
179 1352 221 1430 O,
255 1344 310 1410 καὶ
343 1346 592 1430 ἐπεζεύχθωσαν
624 1346 661 1409 αἴ
691 1349 771 1429 AO,
795 1350 883 1428 Mo,
918 1341 973 1408 καὶ
1005 1365 1099 1429 περι-

83 1453 265 1538 γεγράφθω
289 1450 364 1538 περὶ
390 1454 427 1517 τὸ
452 1456 568 1516 ΛΟΜ
588 1455 753 1533 τρίγωνον
775 1460 884 1535 τμῆμα
906 1451 1030 1515 κύκλου
1058 1452 1099 1515 τὸ

84 1563 203 1624 ΛΟΜ.
245 1561 335 1623 ἔσται
358 1559 399 1642 θη
422 1557 477 1622 καῖ
500 1557 520 1639 ἡ
544 1559 626 1644 πρὸς
648 1567 693 1645 τῷ
715 1562 743 1622 O
766 1561 888 1644 σημείῳ
912 1560 1017 1639 γωνία
1039 1562 1098 1640 ἴση

83 1675 122 1751 τῇ
145 1665 210 1730 ὑπὸ
233 1676 301 1729 τῶν
319 1669 432 1729 ΗΕΘ.
469 1667 516 1729 ἔτι
539 1668 663 1729 κείσθω
687 1673 726 1749 τῇ
746 1663 811 1728 ὑπὸ
831 1674 898 1727 τῶν
916 1667 1020 1727 ΕΖΚ
1041 1669 1098 1746 ἴση

31 1772 102 1854 1σὴ
130 1772 195 1836 ὑπὸ
222 1782 289 1835 τῶν
315 1775 438 1854 ANH,
468 1769 522 1834 καὶ
545 1769 704 1834 ἐκκείσθω
730 1778 770 1855 τῇ
793 1774 856 1833 ΕΖ
885 1776 938 1852 ἴση
966 1769 985 1852 ἡ
1009 1774 1097 1852 NH,

82 1877 137 1943 καὶ
169 1878 417 1962 ἐπεζεύχθωσαν
448 1880 485 1942 αί
515 1881 598 1960 AH,
622 1881 713 1960 HM,
750 1875 805 1940 καὶ
836 1875 1097 1962 περιγεγράφθω

82 1984 157 2070 περὶ
189 1986 226 2050 τὸ
255 1989 286 2048 Λ
293 1989 331 2048 Π
335 1989 379 2048 Μ
405 1988 569 2069 τρίγωνον
601 1993 715 2067 τμῆμα
740 1984 873 2047 κύκλου.
929 1985 1018 2046 ἔσται
1052 1983 1096 2066 δὴ

81 2091 136 2156 καὶ
164 2091 183 2175 ἡ
211 2092 294 2178 πρὸς
320 2101 365 2178 τῷ
392 2096 430 2155 Π
453 2094 574 2178 σημείφ
604 2097 658 2173 ἴση
686 2099 725 2176 τῇ
752 2091 817 2154 ὑπὸ
846 2093 945 2154 ΑΕΒ
978 2093 1096 2175 γωνία.

83 2197 151 2263 ἐπεὶ
179 2196 241 2265 οὖν
267 2202 386 2282 μείζων
413 2196 502 2263 ἐστὶν
529 2197 549 2280 ἡ
576 2198 659 2282 πρὸς
686 2207 731 2285 τῷ
755 2196 786 2270 Ξ
810 2205 868 2280 τῆς
889 2197 972 2279 πρὸς
993 2203 1039 2282 τῷ
1066 2200 1096 2259 0

29 2318 63 2366 20
82 2308 216 2386 γωνίας·
240 2307 259 2388 η
283 2303 343 2389 μὲν
366 2306 428 2391 γὰρ
452 2307 534 2390 πρὸς
556 2314 601 2391 τῷ
621 2303 651 2376 Ξ
672 2309 726 2386 ἴση
751 2301 818 2367 ἐστὶ
838 2312 876 2388 τῇ
895 2303 977 2386 πρὸς
994 2309 1040 2387 τῷ
1061 2306 1099 2364 Σ

81 2413 199 2496 γωνίᾳ,
227 2409 247 2492 ἡ
271 2407 308 2474 δὲ
330 2412 413 2495 πρὸς
435 2420 479 2497 τῷ
504 2415 539 2474 Σ
563 2412 680 2492 μείζων
708 2407 776 2472 ἐστὶ
803 2417 861 2491 τῆς
887 2409 970 2495 πρὸς
992 2417 1038 2494 τῷ
1064 2413 1095 2472 0

82 2520 216 2597 γωνίας·
248 2516 413 2599 τριγώνου
441 2516 504 2601 γὰρ
528 2523 587 2578 τοῦ
611 2518 714 2579 ΛΣΟ
742 2513 833 2591 ἐκτός
857 2513 959 2579 ἐστιν·
991 2511 1047 2578 καὶ
1071 2514 1092 2596 ἡ

81 2623 163 2708 πρὸς
186 2631 230 2709 τῷ
250 2621 280 2695 Ξ
300 2624 364 2708 ἄρα
387 2625 505 2704 μείζων
529 2619 597 2686 ἐστὶ
620 2629 677 2704 τῆς
695 2622 778 2705 πρὸς
795 2632 840 2708 τῷ
862 2627 902 2685 0·
926 2624 984 2685 καί
1001 2620 1092 2685 ἐστιν

81 2724 184 2812 ἡμὲν
206 2730 288 2814 πρὸς
311 2737 356 2815 τῷ
381 2727 411 2801 Ξ
432 2733 485 2810 ἴση
508 2737 547 2812 τῇ
569 2726 634 2791 ὑπὸ
660 2730 761 2810 ΓΕΛ,
785 2726 804 2808 ἡ
829 2723 865 2790 δὲ
888 2728 971 2812 πρὸς
993 2737 1038 2814 τῷ
1062 2733 1091 2791 0

28 2849 62 2897 ‘25
82 2845 121 2920 τῇ
142 2834 208 2900 ὑπὸ
231 2839 350 2917 ΗΕΘ,
381 2837 498 2916 μείζων
525 2835 589 2920 ἄρα
618 2835 799 2918 φανήσεται
826 2832 881 2897 καὶ
903 2832 923 2914 ἡ
949 2836 1009 2897 ΓΔ
1032 2843 1090 2916 τῆς

80 2946 120 3006 Η
123 2947 159 3006 Θ.
200 2941 300 3006 πάλιν
328 2941 347 3024 η
376 2938 436 3026 μὲν
463 2942 546 3027 πρὸς
573 2949 617 3028 τῷ
644 2947 671 3005 O
699 2943 802 3022 γωνία
830 2949 869 3025 τῇ
896 2940 960 3004 ὑπὸ
984 2944 1090 3004 ΗΕΘ

153 3212 176 3261 3.
196 3205 353 3276 ἀρχόμενον
372 3206 405 3274 V,
426 3221 493 3259 corr.
513 3223 548 3258 m.
569 3220 622 3258 rec.
687 3209 711 3257 4.
731 3201 829 3271 μείζων
861 3205 953 3270 μεῖζον
972 3222 1008 3272 ν..
1063 3208 1087 3257 6.

79 3279 145 3348 ΞΛ]
168 3282 217 3331 ΖΛ
235 3296 262 3345 p.
335 3278 384 3348 τῷ]
404 3275 435 3328 in
453 3293 506 3329 ras,
524 3276 557 3343 V,
581 3275 612 3328 τό
632 3293 659 3330 v.
733 3280 756 3328 7.
777 3274 849 3327 ἐστιν
868 3274 924 3329 Vv.
998 3279 1022 3328 9.
1043 3273 1089 3327 έκ-

79 3347 194 3419 κείοθω]
216 3347 255 3402 έιι
274 3345 378 3402 κείσθω
398 3363 417 3423 οΙ
432 3363 499 3401 corr.
519 3365 545 3414 p.
607 3346 675 3416 ΖΗ]
697 3350 726 3399 Η
743 3361 756 3398 e
777 3362 844 3398 corr.
865 3363 890 3397 v.
956 3350 996 3398 11.
1017 3347 1088 3468 AO}

81 3423 225 3474 Οοοοωι.
246 3438 270 3473 v.
351 3419 425 3487 ΜΟ]
450 3434 517 3470 corr.
539 3433 571 3470 ex
591 3420 654 3471 ΜΘ
673 3435 697 3470 v.
771 3413 959 3484 περιγρύφθω
978 3415 1011 3484 V,
1037 3432 1066 3469 se

76 3507 143 3544 σοιν,
201 3496 242 3544 12.
257 3490 327 3545 Post
341 3489 371 3543 τό
383 3491 443 3558 (pr.)
460 3495 473 3541 1
488 3488 542 3542 litt.
555 3504 623 3542 eras.
635 3506 661 3541 v.
717 3494 758 3542 13.
773 3488 884 3558 AOM]
906 3491 931 3542 0
945 3503 960 3540 ο
975 3503 1044 3542 corr.
1059 3505 1086 3542 v.
