2334 3788
84 125 150 190 306
474 105 718 183 σατραπεῖαι(

86 270 167 357 άπερ
197 272 300 354 ἔστιν,
331 270 416 335 οὕτω
444 269 500 335 καὶ
527 273 695 355 φαίνεται,
725 270 786 335 ὅσα
814 267 845 335 δ’
867 269 974 353 ἐκτός,
1003 268 1099 335 ἄντε-

85 375 281 463 στραμμένα.

152 486 232 548 ἔστω
257 483 319 569 γὰρ
342 485 426 567 μῆιιη
450 479 510 566 μὲν
527 483 650 565 πλάγια
669 484 710 547 τὰ
728 488 806 566 ΕΔ,
823 487 897 567 ΘΚ,
919 487 1042 547 κοῖλον
1061 479 1098 546 δὲ

85 592 247 676 ἔνοπτρον
264 589 301 653 τὸ
316 592 391 672 ΑΓ,
415 590 502 672 ὄμμα
524 586 561 653 δὲ
578 591 616 654 τὸ
630 594 669 673 Β,
693 592 786 668 ὄψεις
808 587 845 654 δὲ
863 589 1095 672 σἰνακλώμεναι

50 694 143 760 5καῖ
166 698 409 779 συμπίπτουσαι
432 697 513 760 κατὰ
536 697 573 760 τὸ
596 701 636 760 Η
656 698 694 761 αἴ
714 701 820 780 ΒΑΔ,
838 699 905 761 ΒΓ
905 701 950 779 Β,
977 694 1036 760 καὶ
1060 697 1097 759 τὸ

84 798 144 885 μὲν
170 805 238 866 ΘΚ
261 801 403 884 πλάγιον
429 810 531 886 μῆκος
558 804 639 867 ἔστω
668 802 760 879 ἐντὸς
786 812 845 887 τῆς
871 803 1098 886 συμπιώσεως

83 917 141 990 τῆς
164 911 212 990 Η,
239 909 276 973 τὸ
300 904 337 972 δὲ
361 913 429 972 ΔΕ
451 907 549 984 ε’κτός.
595 909 718 974 οὐκοῦν
740 910 780 973 τὰ
802 905 863 992 μὲν
888 912 930 990 Θ,
950 911 986 972 K
1009 908 1096 972 κατὰ

84 1015 187 1097 φύσιν
206 1017 368 1098 φαίνεται,
390 1014 540 1098 καθάπερ
559 1014 595 1079 ἐν
614 1026 683 1090 τοῖς
702 1013 868 1091 ἐπιπέδοις
884 1012 940 1078 καὶ
956 1026 1096 1099 κυρτοῖς

84 1119 264 1206 ἔνόπτροις,
287 1121 327 1185 τὰ
350 1116 386 1184 δὲ
409 1125 448 1204 Ε,
466 1126 499 1184 Δ
521 1118 799 1207 ἀπεστραμμένα·
822 1120 860 1185 τὸ
882 1116 943 1204 μὲν
968 1121 1033 1206 γὰρ
1060 1127 1093 1185 Δ

31 1239 66 1288 10
85 1224 138 1291 ἐπὶ
161 1235 220 1292 τοῦ
242 1230 275 1290 Α
298 1229 460 1309 φαίνεται,
483 1227 520 1290 τὸ
544 1222 580 1290 δὲ
602 1231 634 1290 Ε
655 1224 708 1290 ἐπὶ
730 1233 790 1290 τοῦ
814 1229 849 1291 Γ.

559 1463 614 1521 ιχ.

147 1565 306 1628 Δυνατόν
339 1562 408 1627 ἐστι
440 1563 496 1627 διὰ
527 1565 691 1628 πλειόνων
723 1563 892 1649 ἐνόπτρων
924 1561 1092 1627 ἐπιπέδων

84 1671 168 1734 ἰδεῖν
190 1671 227 1735 τὸ
251 1668 340 1734 αὐτό.

149 1778 241 1858 ἔστω,
265 1775 282 1840 ὃ
301 1777 354 1840 δεῖ
369 1775 529 1859 ὀφθῆναι,
552 1777 589 1840 τὸ
605 1782 650 1859 Α,
672 1777 759 1860 ὄμμα
776 1772 814 1839 δὲ
831 1778 868 1841 τὸ
883 1780 922 1858 Β,
946 1777 1091 1861 ἔνοπτρα

30 1892 63 1940 15
83 1877 120 1944 δὲ
138 1885 213 1965 τρία
231 1883 271 1945 τὰ
291 1884 361 1963 ΓΛ,
374 1887 408 1945 Δ
413 1886 452 1964 Ε,
466 1886 538 1945 ΕΖ.
570 1883 664 1966 ἤχθω
684 1883 725 1966 δὴ
743 1881 883 1958 κάθετος
902 1881 965 1946 ἀπὸ
985 1890 1047 1945 τοῦ
1061 1885 1090 1945 Β

81 1984 134 2050 ἐπὶ
157 1989 193 2051 τὸ
215 1991 275 2051 ΓΛ
298 1991 458 2072 ἔνοπτρον
480 1987 500 2070 ἤ
520 1991 591 2070 ΒΓ,
617 1994 669 2070 ἴση
693 1985 730 2052 δὲ
752 1988 772 2071 ἤ
791 1990 859 2051 ΒΓ
876 1997 915 2073 τῇ
935 1990 1010 2070 ΓΣ,
1035 1985 1090 2052 καῖ

80 2093 180 2157 πάλιν
204 2093 267 2158 ἀπὸ
291 2103 350 2159 τοῦ
373 2100 405 2158 Α
432 2092 485 2159 ε’πῖ
507 2095 544 2158 τὸ
568 2099 631 2158 ΕΖ
655 2093 796 2171 κάθετος
818 2093 838 2176 ἤ
861 2098 942 2176 ΑΖ,
970 2092 1027 2158 καῖ
1050 2102 1089 2179 τῇ

81 2206 112 2263 Α
120 2205 146 2263 Ζ
171 2206 224 2282 ἴση
247 2199 267 2281 ἤ
293 2204 370 2283 ΖΘ,
398 2198 452 2264 καὶ
475 2200 538 2265 ἀπὸ
562 2208 621 2264 τοῦ
648 2205 676 2264 Θ
698 2199 751 2265 ἐπὶ
773 2201 810 2264 τὸ
833 2205 902 2264 ΔΕ
926 2203 1090 2284 ἔνοπτρον

81 2306 220 2381 κάθετος
247 2307 340 2389 ἤχθω
368 2305 388 2388 ἤ
418 2310 498 2389 ΘΚ,
530 2304 585 2370 καῖ
613 2308 694 2370 ἔστω
722 2315 761 2390 τῆ
787 2310 856 2370 ΘΚ
881 2312 934 2389 ἴση
962 2307 983 2389 ἤ
1007 2309 1089 2389 ΚΛ,

27 2421 63 2469 20
80 2409 135 2474 καὶ
158 2410 221 2476 ἀπὸ
245 2420 304 2476 τοῦ
329 2416 360 2475 Λ
387 2410 438 2476 ἐπὶ
460 2414 497 2477 τὸ
522 2417 557 2476 Σ
581 2411 763 2496 ἐπεζεύχθω
787 2412 807 2495 ἤ
831 2412 991 2495 ΛΜΞΣ,
1022 2412 1088 2478 ἀπὸ

80 2513 117 2580 δὲ
144 2526 203 2581 τοῦ
227 2522 271 2581 Μ
293 2515 345 2582 ἐπὶ
372 2519 408 2582 τὸ
439 2522 468 2581 Θ
494 2517 514 2601 ἡ
538 2522 660 2600 ΜΡΘ,
693 2518 939 2602 ἐπεζεύχθωσαν
966 2515 1004 2583 δὲ
1031 2517 1089 2584 καὶ

79 2623 116 2687 αἴ
137 2627 214 2705 ΑΡ,
232 2623 305 2696 ΒΞ.
351 2621 420 2688 ἐπεὶ
448 2619 510 2689 οὖν
538 2630 592 2707 ἴση
615 2623 705 2689 ἐστὶν
726 2624 747 2706 ἤ
771 2626 838 2688 ΒΓ
860 2632 900 2709 τῆ
924 2626 1003 2707 ΓΣ,
1031 2623 1089 2689 καὶ

79 2727 181 2814 ὀρθαὶ
204 2731 241 2794 αἴ
256 2731 339 2813 πρὸς
356 2739 401 2817 τῷ
423 2734 455 2793 Γ
472 2734 600 2814 γωνίαι,
624 2731 685 2795 δύο
709 2731 750 2815 δὴ
774 2731 811 2794 αἴ
827 2733 899 2813 ΒΓ,
920 2733 986 2795 ΓΦ
1008 2729 1088 2796 δνσὶ

149 2977 172 3028 5.
193 2974 236 3044 Η]
258 2976 330 3027 Nv.
385 2974 476 3044 ΒΑΔ]
495 2980 621 3043 ΑΒ,ΑΔ
644 2975 680 3028 M.
741 2981 763 3029 7.
783 2973 829 3046 τά]
848 2973 879 3028 τό
897 2993 933 3030 m.
992 2982 1016 3029 9.
1037 2975 1086 3047 τά]

78 3041 210 3112 φαίνεται
230 3043 282 3112 γὰρ
301 3044 331 3098 τὸ
351 3041 401 3113 μέν
422 3048 447 3099 Θ
465 3045 537 3099 κατὰ
554 3045 585 3099 τὸ
604 3051 639 3112 Α,
657 3046 689 3099 τὸ
709 3043 740 3099 δὲ
760 3051 788 3100 Κ
804 3044 877 3100 κατὰ
894 3046 925 3100 τὸ
946 3050 977 3114 Γ,
996 3045 1028 3100 τό
1048 3065 1085 3100 m.

112 3113 353 3183 ἀντεστραμμένον
371 3134 406 3168 m.
482 3121 522 3170 11.
542 3116 594 3187 ιη’]
613 3116 641 3170 ν’
657 3116 712 3170 Vv.
787 3123 828 3170 12.
849 3116 922 3171 ἐστιν
940 3135 966 3171 v,
1042 3123 1086 3171 16.

77 3183 174 3254 ἴση-
188 3187 233 3256 τῇ]
253 3187 301 3240 καῖ
318 3195 352 3257 τῇ
372 3191 427 3240 ΒΓ
441 3185 485 3255 ἴση
507 3185 572 3240 ἔστω
590 3187 607 3256 ἡ
627 3205 662 3240 m.
727 3194 767 3242 17.
787 3185 921 3311 ἀπόχέπῖ
939 3205 964 3242 v.
1020 3189 1085 3259 τοῦ]

77 3272 144 3310 corr.
165 3273 199 3309 ex
216 3256 247 3309 τό
267 3274 291 3311 v.
363 3258 397 3328 A]
416 3259 515 3325 postea
534 3257 585 3311 ins,
605 3276 640 3311 m.
706 3259 749 3330 τό]
769 3258 820 3327 τήν
870 3302 875 3312 .
945 3260 1010 3330 ΕΖ]
1032 3262 1086 3313 ΖΕ

73 3325 211 3397 ἔνοπτρον
229 3345 265 3383 m.
339 3326 461 3392 κάθετος
479 3327 560 3400 ἤχθω
577 3347 616 3383 m.
690 3335 735 3383 18.
753 3328 801 3397 ἴση
819 3329 882 3382 ἔστω
901 3347 937 3384 m.

58 3397 92 3451 1'11
109 3417 167 3456 ras.
187 3420 226 3457 m.
325 3409 366 3460 19.
391 3401 474 3476 ἔστω]
494 3419 549 3457 om.
567 3419 607 3455 m.
695 3397 901 3492 ἡὲεθθηχέστω
916 3331 1097 3508 mni&

88 3476 132 3528 20.
157 3474 326 3552 ἔπιζεῆχθω
346 3479 387 3537 Μ.
446 3474 600 3546 11sz}
618 3468 806 3528 AMEMR.
858 3461 1034 3526 ‘RQW'
1083 3477 1119 3522 Ἢ
