2334 3788
102 136 166 200 278
524 140 681 192 sonorrr

169 283 220 346 77.
252 286 376 365 Δῆλον,
400 282 450 347 ὅτι
472 286 635 369 πρότερον
658 286 711 350 δεῖ
731 285 835 364 δεῖξαι
857 286 981 370 prro,
1002 284 1061 368 12]
1086 286 1116 348 εί

102 389 165 475 γάρ
193 396 291 452 τοῦτο
320 390 453 474 δειχθῇ,
486 390 536 453 ὅτι
564 390 712 456 ἐλάσσων
739 392 759 475 ἡ
788 393 854 457 ὑπὸ
878 397 979 456 ΒΕΑ
1007 393 1115 472 γωνία

102 504 161 578 τῆς
186 494 252 559 ὑπὸ
281 500 383 560 ΖΕΔ
411 499 547 579 γωνίας,
579 498 748 583 γνώριμον
776 499 813 563 τὸ
842 499 1042 582 ζητούμενον
1072 498 1116 571 ὡς

103 603 159 666 διὰ
181 613 249 666 τῶν
272 602 369 688 ὅρων.

65 748 83 795 o
171 728 221 791 78.
252 724 348 791 Ἀλλίι
368 728 409 811 δὴ
429 729 510 791 ἔστω
529 751 560 812 p.
575 730 649 813 222,
664 728 721 812 21]
741 727 811 793 ἐπεὶ
829 723 929 812 εἶπεν,
953 729 1016 793 ὅτι·
1042 729 1116 811 ἤτοι

103 831 140 897 δὲ
157 831 178 915 ἡ
197 838 264 898 ΔΖ
287 837 404 918 μείζων
426 843 485 917 τῆς
508 832 543 899 ἐκ
565 844 625 898 τοῦ
643 833 782 919 κέντρον
801 834 821 918 ἢ
841 841 895 918 ίση
914 834 934 918 ἢ
954 835 1115 918 ἐλάσσων,

64 938 246 1004 ’κὺτίθετο
272 937 309 1004 δὲ
332 940 436 1024 αὐτὴν
459 943 590 1023 μείζονα
616 939 672 1006 καὶ
695 939 795 1018 ἔδειξε
818 942 855 1006 τὸ
879 945 944 1006 ΑΒ
973 940 1117 1026 μέγεθος

103 1054 163 1111 τοῦ
182 1052 216 1111 Δ
222 1051 250 1109 Ζ
273 1049 423 1130 ἔλασσον,
446 1055 511 1112 νῦν
533 1046 728 1112 ὑποτίθεται
751 1050 812 1132 τὴν
830 1054 863 1113 Δ
870 1053 897 1112 Ζ
921 1054 996 1130 ίσην
1020 1059 1061 1133 τῇ
1081 1048 1117 1113 ἐκ

103 1161 164 1217 τοῦ
177 1151 316 1238 κέντρου
335 1151 390 1217 καὶ
405 1154 555 1218 δείκνυσι
569 1155 668 1218 πάλιν
682 1155 719 1218 τὸ
734 1159 800 1218 ΑΒ
819 1153 959 1239 μέγεθος
974 1157 1117 1219 ἔλασσον

52 1279 85 1328 10
105 1267 165 1323 τοῦ
187 1264 256 1323 ΛΖ
285 1257 461 1343 μεγέθους,
494 1259 531 1324 ε’ν
559 1257 596 1324 δὲ
623 1269 668 1348 τῷ
693 1260 809 1345 ἐφεξῆς
830 1261 1027 1325 ὑποτίθεται
1056 1263 1117 1343 τὴν

104 1371 172 1429 ΔΖ
196 1365 357 1430 ἐλάσσονα
380 1376 438 1449 τῆς
461 1366 496 1431 ἐκ
518 1376 578 1430 τοῦ
601 1365 740 1453 κέντρου
763 1364 819 1431 καὶ
841 1366 941 1431 πάλιν
964 1367 1118 1432 δείκνυσι

105 1473 143 1536 τὸ
166 1476 233 1536 ΑΒ
256 1471 397 1555 μέγεθος
419 1475 559 1537 ἔλασσον
582 1482 641 1537 τοῦ
666 1479 699 1538 Δ
706 1478 733 1536 Ζ
756 1472 927 1557 μεγέθους.
1027 1528 1032 1537 .

172 1596 223 1659 79.
254 1593 331 1660 Ἀτὸ
359 1605 416 1680 τῆς
446 1601 518 1661 ΘΝ
540 1621 570 1680 p.
591 1598 670 1683 224,
693 1596 750 1680 20]
779 1594 848 1662 ἐπεὶ
875 1597 938 1682 γάρ
968 1597 1120 1662 ἐλάσσων

104 1700 249 1784 ὑπετέθη
268 1711 326 1786 τῆς
345 1701 379 1767 εἰι
397 1712 457 1767 τοῦ
475 1701 626 1788 κέντρον,
648 1704 667 1786 ἡ
688 1699 724 1766 δὲ
745 1707 817 1767 ΘΝ
831 1703 867 1768 ἐκ
884 1713 944 1767 τοῦ
963 1702 1119 1789 κέντρου,

53 1828 86 1876 15
105 1811 223 1892 μείζων
245 1808 337 1873 θέλει
361 1805 446 1873 εἶναι
468 1817 526 1892 τῆς
546 1815 611 1873 ΖΛ
634 1818 692 1892 τῆς
715 1808 900 1885 ἐλάσσονος.

478 2039 530 2103 Ad
552 2062 642 2123 prop.
666 2038 749 2102 XLI.

89 2163 102 2191 '⁵
175 2165 225 2228 80.
255 2161 311 2240 Ὡς
334 2161 387 2227 ἐπὶ
410 2174 476 2228 τῶν
499 2164 638 2248 άστρων.

175 2290 226 2352 81.
264 2289 312 2352 Τὸ
340 2288 421 2352 αὐτὸ
450 2285 487 2352 δὲ
514 2282 729 2371 σομβήσεται,
762 2284 817 2351 καὶ
840 2289 871 2350 εί
892 2288 928 2351 τὸ
953 2288 1042 2371 ὄμμα
1066 2285 1121 2351 ἐπὶ

107 2402 167 2458 τοῦ
195 2392 334 2478 κέντρου
361 2403 422 2458 τοῦ
448 2396 573 2459 κύκλου
600 2392 704 2478 μένει,
735 2395 772 2457 τὸ
802 2389 838 2456 δὲ
866 2390 1037 2478 ὁρώμενον
1066 2392 1119 2458 ἐπὶ

55 2520 89 2568 2ο
108 2509 165 2584 τῆς
187 2503 397 2585 περιφερείας
418 2503 615 2583 μεταβαίνει.

176 2626 227 2689 82.
249 2623 344 2688 Ἔστι
362 2646 412 2697 τις
429 2625 537 2706 τόπος,
562 2619 601 2689 οὗ
622 2632 682 2687 τοῦ
702 2624 845 2708 ὄμματος
863 2621 1121 2707 μεθισταμένου,

108 2741 175 2795 τῶν
199 2726 235 2793 δὲ
258 2727 435 2814 ὁρωμένων
459 2735 540 2793 ίσων
563 2733 732 2813 μενόντων
759 2727 814 2793 καὶ
837 2731 919 2816 πρὸς
941 2729 1050 2815 ὀρθάς
1074 2740 1120 2819 τῷ

181 2998 221 3046 77.
241 2993 287 3046 7¹.
371 2997 411 3046 τε.
430 2993 477 3046 71.
561 2998 601 3045 τε.
622 2993 691 3060 V1q.
779 2992 1119 3062 80.VRVat.FM1ptu.

145 3070 187 3118 81.
210 3064 385 3118 RVatM1u.
476 3069 518 3117 82.
542 3063 567 3115 V
590 3081 658 3131 mg.‚
683 3062 762 3133 signo
784 3070 808 3120 δε
835 3066 900 3131 post
921 3080 1000 3132 prop.
1021 3071 1054 3118 41
1081 3064 1122 3134 (in

110 3135 170 3190 cod.
190 3135 242 3204 ρξ’,
262 3151 339 3203 prop.
360 3140 393 3186 42
413 3133 443 3187 in
462 3133 521 3187 cod.
537 3133 591 3201 μθ’
608 3136 660 3203 est)
679 3133 827 3202 insertum
846 3134 876 3186 in
894 3135 949 3187 fine
967 3136 1024 3189 est:
1046 3135 1121 3202 ζήτει

109 3207 140 3259 τὸ
168 3208 302 3276 θεώρημα
331 3205 370 3267 εἰς
396 3206 427 3259 τὸ
455 3202 650 3271 αατεναντίον;
680 3209 723 3259 est
751 3206 826 3259 enim
848 3205 878 3258 in
900 3221 966 3274 pag.
988 3223 1030 3274 pr.
1057 3205 1122 3258 folii

111 3277 260 3345 sequentia
298 3276 374 3330 idem
392 3276 480 3330 thoor.
500 3275 588 3328 habet
606 3293 625 3343 q
646 3276 676 3328 in
694 3279 774 3330 textu
792 3279 857 3346 post
874 3293 952 3344 prop.
972 3281 1021 3346 43,
1046 3293 1120 3344 quae

109 3347 141 3400 in
163 3367 181 3418 q
204 3351 247 3403 ost
270 3348 298 3403 ν’
319 3346 383 3417 (μθ’
403 3365 439 3401 m.
459 3350 499 3416 2),
526 3363 640 3400 numero
665 3347 714 3415 μη’
735 3348 877 3418 signatum
900 3346 938 3416 (ν’
959 3365 995 3400 m.
1015 3351 1055 3417 2);
1085 3348 1122 3402 ad

109 3437 187 3490 prop.
203 3426 236 3475 41
256 3419 310 3489 (ρξ’
327 3423 354 3488 q)
374 3419 438 3472 add.
459 3417 532 3485 ζήτει
551 3418 609 3486 μη’;
628 3434 705 3486 prop.
726 3425 760 3472 42
780 3421 823 3472 est
841 3418 903 3487 μθ,
923 3417 973 3488 μη’
988 3436 1026 3474 m.
1042 3425 1067 3475 2.
1089 3450 1122 3461 -

102 3489 147 3547 Do
164 3509 196 3548 re
216 3492 263 3550 cfr.
286 3493 342 3563 opt.
363 3492 419 3546 εει,
438 3506 518 3561 prop.
533 3493 577 3558 46,
594 3488 646 3540 ubi
662 3505 691 3542 u.
708 3490 756 3558 fig.
