2334 3788
110 145 176 209 300
514 147 745 198 OATOPTRIOA.

176 292 258 354 ἔστω
286 289 388 354 πάλιν
414 289 522 373 βάθος
548 286 609 374 μέν
631 290 668 354 τὸ
692 294 774 373 ΕΑ,
806 291 969 375 ένοπτρον
992 286 1031 354 δὲ
1055 287 1119 354 ἐπί-

109 405 211 469 πεδον
243 406 280 470 τὸ
312 408 392 488 ΑΓ,
425 408 512 489 ὄμμα
545 402 580 470 δέ
613 407 650 471 τὸ
679 411 727 488 Δ,
1092 416 1119 467 Θ

109 521 201 598 ὄψεις
238 518 274 585 δέ
307 523 344 585 αἱ
373 523 452 604 ΔΓ,
480 525 546 585 ΔΒ
580 521 726 586 ἀνακλώ-

108 658 204 718 μεναι
233 634 285 700 ἐπὶ
309 637 348 701 τὰ
371 640 415 719 Ε,
436 640 472 699 Ζ.
517 636 638 720 ὁμοίως
661 647 727 701 τῶν
1084 599 1118 648 K

73 752 219 828 σόψεων
242 751 468 835 ἐκβληθεισῶν
492 750 545 816 ἐπὶ
567 753 607 815 τὰ
634 756 676 834 Θ,
695 756 731 816 K
786 723 815 779 Α
1018 660 1113 800 ΑΛ

108 879 260 950 φανεῖται
288 868 325 931 τὸ
353 864 414 951 μὲν
437 872 468 931 Ε
493 867 581 931 κάτω
610 865 649 930 ὄν
673 863 726 929 ἐπὶ
837 797 1108 1172 βῖῑ

108 990 168 1045 τοῦ
194 986 223 1046 Θ
245 983 313 1046 ὄνω
338 984 449 1066 ὄντος,
477 983 515 1046 τὸ
539 979 575 1046 δὲ
601 985 628 1044 Ζ
655 983 724 1045 ὄνω

108 1097 148 1162 ὄν
172 1095 225 1162 ἐπὶ
247 1105 307 1160 τοῦ
332 1101 366 1160 Κ
389 1097 476 1162 κάτω
501 1099 605 1172 ὄντος.
805 1121 831 1178 Δ

592 1334 635 1392 η.

57 1444 91 1493 10
180 1434 227 1497 Τὰ
249 1433 318 1516 ὕψη
345 1433 400 1498 καὶ
428 1435 468 1498 τδι
490 1434 580 1517 βάθη
610 1433 674 1499 ἀπὸ
700 1442 767 1498 τῶν
789 1441 921 1517 κυρτῶν
949 1429 1117 1516 ἐνόπτρων

108 1547 355 1632 ἀνεστραμμένα
378 1552 540 1633 φαίνεται.

175 1667 257 1729 ἔστω
280 1664 366 1741 ὕψος
389 1666 425 1729 τὸ
449 1669 530 1749 ΑΕ,
559 1667 720 1748 ἔνοπτρον
743 1661 779 1728 δὲ
801 1663 925 1748 κυρτὸν
950 1663 988 1727 τὸ
1014 1663 1116 1743 ΑΔΓ,

108 1781 200 1856 ὄψεις
222 1776 259 1843 δὲ
283 1781 319 1843 αἱ
340 1784 413 1863 ΒΔ,
433 1783 500 1845 ΒΓ
522 1779 750 1863 ἀνακλώμεναι
778 1776 831 1843 ἐπὶ
853 1778 893 1842 τὰ
916 1782 961 1860 Ε,
984 1781 1023 1841 Θ.
1068 1773 1115 1840 δέ-

108 1896 246 1978 δεικτιιι,
280 1895 330 1959 ὄτι
359 1895 398 1959 οὐ
427 1905 681 1978 συμπεσοῦνται.
712 1896 776 1976 τὰ
803 1891 839 1958 δὲ
867 1893 967 1958 λοιπὰ
999 1892 1114 1976 ὁμοίως

56 2023 88 2070 15
108 2021 177 2085 τοῖς
201 2009 329 2087 ἐντοῖς
353 2010 527 2087 ἐπιπέδοις.

175 2129 256 2191 ἔστω
280 2127 380 2191 πάλιν
403 2128 510 2211 βάθος
533 2128 569 2192 τὸ
589 2132 665 2210 ΑΕ,
689 2129 849 2211 ἐνοπτρον
872 2122 910 2189 δὲ
933 2125 1060 2210 κυρτὸν
1081 2124 1113 2186 τὸ

108 2244 182 2323 ΑΓ,
206 2243 292 2324 ὄμμα
312 2239 348 2306 δέ
367 2245 403 2307 τὸ
421 2247 460 2326 B,
484 2245 576 2320 ὄψεις
600 2238 637 2305 δέ
655 2241 883 2324 ἀνακλώμεναι
902 2238 957 2304 ἐπὶ
976 2241 1018 2304 τὰ
1036 2242 1113 2322 Ε,Θ

107 2358 144 2419 αἱ
165 2359 276 2438 ΒΓΕ,
296 2362 403 2421 ΒΑΘ.
449 2358 489 2420 τὰ
517 2354 554 2420 δέ
582 2357 681 2421 λοιπὰ
707 2355 858 2438 καθάπερ
887 2353 925 2418 ἐν
951 2367 1023 2432 τοῖς
1051 2354 1112 2419 ἐπι-

106 2470 228 2546 πέδοις.

53 2589 87 2638 ιο
589 2577 636 2642 θ’.

179 2703 225 2765 Τὰ
248 2701 370 2784 πλάγια
394 2706 478 2785 μήκη
503 2702 566 2767 ἀπὸ
589 2714 656 2768 τῶν
680 2701 843 2767 ἐπιπέδων
867 2701 1054 2787 ἐνόπτρων,
1076 2700 1113 2774 ὡς

107 2819 145 2894 τῇ
170 2807 310 2894 ἀληθείᾳ
334 2810 408 2891 ἔχει,
433 2809 519 2873 οὕτω
543 2808 597 2873 καὶ
621 2813 782 2888 φαίνεται.

179 2998 201 3044 1.
223 2990 333 3061 ιβ’ὄν.
417 2993 479 3062 ΕΛ]
498 2997 551 3046 ΑΕ
569 3011 604 3046 m.
696 2999 720 3047 2.
741 2989 771 3046 δὲ
790 2992 821 3045 τὸ
841 2992 877 3062 Δ]
898 3007 952 3044 om.
974 3009 1011 3046 m.
1091 2994 1111 3041 4.

105 3065 179 3116 Ante
199 3059 300 3131 ὁμοίως
319 3062 382 3115 add.
404 3065 507 3117 οὐκοῦν
526 3082 561 3117 m.
581 3080 634 3117 rec.
654 3063 686 3117 V.
761 3059 862 3131 ὁμοίως
876 3093 910 3101 -
926 3068 950 3115 ὃ.
973 3061 1114 3133 ἐκβληθει-

107 3135 173 3205 σῶν]
203 3135 307 3187 οὐκοῦν
331 3134 519 3203 ἐκβληθεισῶν
548 3132 648 3202 ὁμοίως
670 3143 725 3188 τῶν
750 3133 844 3203 ὄψεων
868 3130 913 3186 ἐπ’
936 3131 1056 3195 εὐθείας
1081 3149 1113 3184 m

142 3211 165 3260 ὁ.
186 3205 259 3258 Ante
279 3202 324 3257 ἐπί
343 3205 407 3258 add.
428 3202 472 3257 ἐπ’
490 3203 605 3267 εὐθείας
622 3224 657 3260 m.
677 3222 730 3259 rec.
750 3205 782 3259 V.
874 3209 899 3258 6.
925 3201 973 3276 ὄν]
997 3221 1066 3258 corr.
1086 3217 1115 3256 ex

106 3275 145 3331 ὄν
164 3294 199 3329 m.
219 3281 235 3328 2
255 3293 279 3329 v.
372 3282 394 3329 7.
420 3275 490 3345 ὄνω]
510 3274 585 3330 moi?
604 3276 640 3330 M.
732 3282 755 3330 8.
781 3274 825 3347 ὄν]
848 3272 881 3329 ὄν
900 3282 950 3329 τοῦ
973 3278 1000 3329 Ε
1018 3293 1059 3343 m,
1082 3290 1114 3326 m.

105 3363 159 3402 rec.
178 3346 211 3401 V.
301 3347 369 3400 Post
389 3346 469 3407 ὄντος
487 3346 551 3400 add.
571 3356 620 3399 τοῦ
642 3351 673 3402 Θ.
706 3346 741 3400 τὰ
761 3346 816 3414 ἄρα
835 3344 895 3415 ὄψη
915 3346 967 3400 καὶ
985 3345 1022 3400 τὰ
1039 3343 1115 3418 βάθη

105 3419 162 3474 ἀπὸ
184 3427 239 3473 τῶν
259 3416 399 3472 ἐπιπέδων
424 3416 565 3484 ἐνόπτρων
588 3416 800 3486 ἀνεστραμμένα
824 3414 960 3487 φαίνεται
983 3436 1022 3472 m.
1094 3419 1115 3468 9.

74 3558 78 3567 ι
102 3491 148 3566 η’]
165 3490 206 3562 ιγ’
222 3489 277 3545 Vv.
344 3495 385 3544 12.
406 3489 476 3560 ΑΕ]
495 3491 548 3543 ΑΘ
566 3489 636 3543 Mm.
696 3495 736 3544 13.
758 3490 818 3560 ΒΔ]
836 3488 867 3542 in
885 3505 940 3542 ras.
956 3488 993 3560 V,
1014 3491 1069 3543 ΒΓ
1082 3503 1115 3540 m
