2334 3788
448 140 617 193 EUOLIDIS
636 139 774 193 orirer.
1051 137 1114 201 117

107 287 216 348 currat
239 283 269 348 ei
292 283 373 367 quae
397 288 448 349 est
467 284 510 349 ub
533 288 566 348 et
589 284 633 348 sit
655 284 700 349 eb.
738 283 891 367 quoniam
915 305 992 370 ergo
1012 284 1116 349 maior

107 393 157 454 est
180 389 318 476 angulus
343 391 406 474 qeb
434 413 532 475 quum
555 390 632 474 aab,
664 389 769 454 maius
798 410 875 475 ergo
896 392 945 474 qd
974 389 1115 475 spatium

106 517 204 579 quam
231 497 275 561 ab
303 501 445 581 apparet.
496 518 593 581 quare
622 496 715 560 ooulo
742 496 777 560 in
804 517 819 562 e
847 501 997 561 manente
1024 496 1115 561 uisus

105 603 197 667 uelut
219 603 254 667 in
275 624 342 686 o,9
364 607 473 687 partes
496 602 711 687 transportati
730 602 865 668 celerius
883 603 1116 687 permutabunt

105 728 127 771 o
149 730 248 792 quam
267 731 296 793 9.
342 709 481 793 relinqui
503 709 607 794 igitur
629 709 794 774 uidebitur
816 709 868 773 ob.

171 901 413 990 Augmentatae
440 904 682 990 magnitudines
709 904 908 968 uidebuntur
936 902 1030 968 oculo
1060 926 1115 988 ap·

104 1011 332 1096 propinquare.

173 1117 226 1204 sit,
249 1140 330 1202 quae
353 1117 518 1182 uidebitur
541 1117 747 1203 magnitudo,
770 1117 827 1201 ab,
851 1117 962 1182 oculus
986 1116 1116 1200 quidem

106 1223 149 1287 sit
169 1246 204 1310 y,
231 1247 250 1288 a
274 1246 338 1309 quo
367 1223 515 1289 accidant
543 1223 626 1288 radii
652 1245 713 1307 qu,
732 1224 785 1307 pb.
831 1228 864 1288 et
887 1227 1116 1309 augmentetur

477 1330 521 1394 bo
543 1334 576 1395 et
599 1330 644 1394 sit
667 1330 719 1415 bd,
742 1335 775 1394 et
794 1330 919 1395 aecidat
936 1330 1045 1394 radius
1061 1330 1115 1412 pd.
1136 1341 1165 1390 1·

477 1436 632 1521 quoniam
659 1457 736 1521 ergo
760 1436 864 1501 maior
888 1437 1026 1522 angulus
1049 1436 1119 1520 eqd

477 1565 575 1627 quam
593 1543 675 1628 hya,
697 1543 801 1608 maius
824 1564 901 1629 ergo
921 1547 1055 1628 apparet
1073 1543 1119 1608 bd

477 1670 575 1733 quam
607 1648 657 1712 bo.
704 1650 828 1714 maiora
859 1670 937 1713 uero
970 1671 1004 1713 se
1035 1649 1116 1734 ipsis

132 1808 146 1855 ι,
393 1827 429 1888 P
475 1755 548 1818 uisa
571 1755 682 1840 augeri
707 1754 872 1841 uidentur,
904 1759 937 1818 et
965 1776 1003 1819 eo
1031 1755 1117 1839 quod

476 1861 690 1946 propinquius
706 1861 799 1926 ooulo
814 1861 938 1925 maiora
952 1865 1117 1945 apparent.
1137 1875 1167 1922 12⁴

106 1987 187 2052 quae
225 1987 302 2052 ergo
339 1967 579 2053 magnitudines
616 1972 729 2033 auctae
766 1967 962 2032 uidebuntur
1003 1966 1118 2031 adduci

107 2072 210 2137 oculo.

173 2248 387 2334 Quaecunque
414 2250 450 2314 in
474 2250 586 2315 eodem
610 2250 717 2335 spatio
744 2250 853 2315 iaeent
875 2251 1027 2316 extremis
1050 2272 1118 2314 non

105 2356 140 2420 in
163 2356 286 2421 directo
309 2355 416 2420 medio
441 2356 669 2441 existentibus,
697 2361 803 2421 totam
831 2357 970 2443 figuram
996 2357 1117 2442 aliquo-

105 2461 191 2526 tiens
224 2460 354 2545 quidem
386 2484 575 2547 concauam,
607 2463 802 2547 aliquotiens
833 2485 912 2528 uero
940 2485 1118 2528 oonuexam
1136 2477 1165 2526 2·

105 2566 240 2631 faciunt.
678 2564 689 2585 ⁸

179 2800 204 2848 4.
223 2794 424 2864 permutabunt
456 2813 523 2852 corr.
539 2814 572 2852 ea
589 2797 790 2865 permutabant
808 2799 846 2853 D.
914 2802 937 2851 6.
958 2799 1116 2868 augmenta,

105 2881 258 2936 suprascr.
278 2869 309 2920 ta
327 2871 403 2933 m.1,
421 2796 460 2921 i)
527 2873 550 2922 9.
570 2871 748 2923 aumentetur
765 2870 803 2923 D.
865 2874 906 2924 10.
926 2868 1058 2939 accidant
1077 2869 1116 2924 D.

143 2943 183 2991 12.
204 2938 362 3008 opedam
378 2954 433 2993 rus.
453 2939 491 2992 D.

105 3156 131 3204 Δ
150 3166 165 3203 e
184 3167 252 3205 corr.
272 3150 305 3220 V,
325 3151 706 3208 eorr.exBPm.1Vat.v.
768 3158 808 3207 1⁷.
827 3151 871 3224 τό]
890 3159 939 3206 τοῦ
957 3169 995 3205 m.
1049 3151 1116 3224 ΒΔ]

107 3238 175 3275 oorr.
200 3237 234 3275 ex
259 3226 308 3275 ΓΔ
330 3241 366 3277 m.
387 3227 402 3276 2
426 3222 504 3290 Vat,
530 3227 579 3277 ΓΔ
601 3241 627 3277 v.
719 3228 760 3279 18.
786 3222 921 3347 difflui
940 3239 990 3277 sor.
1015 3220 1116 3292 φαινό-

105 3309 184 3360 μενα.
262 3294 389 3365 δοκοῦσι]
410 3310 462 3349 om.
483 3293 605 3361 Vat.¹m‚
625 3312 652 3348 σι
669 3297 735 3363 post
753 3293 890 3349 lacunV
921 3296 992 3348 atv.
1068 3290 1117 3419 τάὲ

104 3370 154 3417 τοῦ
173 3363 270 3418 Vatv.
356 3369 398 3419 19.
424 3364 528 3436 ἔγγιον]
553 3364 611 3418 tin
629 3382 682 3420 ras.
702 3366 735 3420 V.
818 3361 963 3436 ἐλάττονα]
988 3381 1039 3419 sor.
1058 3381 1092 3434 με

105 3435 185 3502 {ow
204 3451 231 3490 u,
245 3450 324 3504 prop.
338 3436 371 3490 V.
426 3436 578 3507 αὐξόμενα]
597 3435 776 3505 αὐξανόμενα
790 3454 826 3490 m.
882 3440 925 3490 21.
944 3435 1000 3507 νζ]
1020 3451 1074 3491 θυι
1088 3452 1116 3507 v,

107 3504 133 3557 o'
149 3504 182 3576 V,
202 3505 248 3576 ξη’
263 3524 299 3560 m.
319 3511 335 3560 2
354 3506 418 3561 Vat.
492 3512 533 3563 23.
554 3504 614 3581 dre]
630 3506 698 3564 ὅταν
717 3525 747 3562 r.
