2334 3788
110 167 175 232 150
319 169 528 221 OPTICORUM
546 170 723 223 RECENSIO
743 169 908 222 THEONIS.

109 317 159 389 τίς
181 311 201 394 η
225 315 498 396 αίτίαινίννεται,
526 311 572 377 δι’
593 313 636 396 ἣν
659 313 719 397 οὐχ
742 313 804 399 δρᾷ
832 314 850 378 ὅ
873 336 907 377 τε
932 315 1036 395 ζητῶν
1059 312 1121 394 την

108 422 250 502 βελόνην
268 418 323 484 καὶ
342 419 359 485 ὁ
380 429 425 507 τῷ
445 423 562 507 βιβλίῳ
583 419 738 498 ἀτενίζων
756 419 863 484 πάντα
878 419 917 482 τά
931 419 1121 504 γράμματα;

108 528 249 612 πότερόν
271 548 349 591 ποτε
377 527 433 590 διδι
461 528 497 591 τὸ
520 530 772 612 μετεωρίζεσθαι
796 536 834 610 τῇ
859 527 1004 611 διανοίμ;
1043 522 1118 589 ἀλλ’

109 630 209 698 οὐδὲν
231 628 332 716 ἦττον
350 632 607 717 έπιλονιζόμενοι
625 637 757 716 ζητοῦσι
780 631 835 697 καὶ
855 632 1037 717 ὁλοσχερῶς
1059 631 1120 714 οὐχ

74 751 90 800 5
109 739 314 825 εὑρίσκουσι,
344 740 502 816 πολλάκις
531 737 568 805 δδ
590 740 782 824 ὁμιλοῦντες
805 737 928 825 ἑτέροις
950 736 1005 803 καλ
1028 759 1120 823 περι-

109 847 274 930 σπώμενοι
293 856 332 932 τῇ
348 848 481 934 διανοίᾳ
494 847 685 933 εὑρίσκουσι
703 853 838 912 θᾶττον.
867 845 938 910 ἀλλ’
956 845 996 910 οῦ
1011 844 1120 909 πάντα

108 953 149 1016 τδι
171 954 292 1017 είδωλα
314 955 510 1039 είσκρίνεται
539 957 587 1030 είς
612 956 674 1038 την
701 954 833 1039 ὅρασιν;
878 951 933 1017 καλ
958 957 1008 1028 τίς
1031 954 1121 1016 αίτία

108 1067 168 1123 τοῦ
201 1058 473 1146 ἀποπληροῦσθαι
507 1063 547 1125 τά
579 1063 824 1146 είσκρινόμενα;
873 1057 928 1124 καὶ
960 1061 1027 1143 μην
1058 1060 1121 1142 τὴν

109 1167 214 1249 φύσιν
237 1169 359 1251 ἔφασκε
385 1169 468 1232 κατά
495 1169 536 1231 τά
558 1171 623 1246 ζῶα
650 1169 690 1231 τά
716 1165 777 1251 μὲν
801 1179 868 1232 τῶν
892 1169 1121 1251 αἰσθητηρίων

56 1284 90 1333 10
110 1273 193 1357 πρὸς
205 1271 375 1357 ὑποδοχὴν
394 1275 514 1338 εὔθετα
528 1272 809 1357 κατεσκευακέναι,
828 1274 867 1337 τά
882 1269 918 1337 δέ
932 1275 985 1357 μή.
1016 1272 1121 1355 ἀκοὴν

108 1375 169 1461 μὲν
192 1379 255 1464 γάρ
274 1377 333 1443 καὶ
356 1388 471 1460 γεῦσιν
498 1377 554 1443 καὶ
576 1377 743 1464 ὄσφρησιν
765 1385 860 1444 κοῖλα
883 1379 1121 1443 κατεσκεύακεν

109 1483 202 1560 ε’ντὸς
220 1485 266 1560 ὡς
283 1483 408 1563 ἔξωθεν
426 1485 541 1561 αὐταῖς
559 1489 777 1571 προσπίπτειν
791 1487 925 1569 σώματα
939 1487 1120 1567 κινήσοντα

108 1591 167 1666 τὰς
198 1593 371 1674 αἰσθήσεις
402 1592 531 1668 ταύτας.
587 1591 668 1677 ἀκοῇ
691 1588 761 1675 ’μὲν
793 1593 855 1677 γάρ
889 1593 984 1676 φωνὴ
1017 1606 1120 1676 προσ-

108 1700 274 1761 πίπτουσα
296 1700 399 1763 τόπον
422 1697 607 1781 ἐπιτήδειον
631 1700 772 1782 ὤφειλεν
795 1697 961 1781 εὑρίσκειν
983 1698 1066 1783 πρὸς
1082 1699 1120 1762 τὸ

57 1815 90 1864 15
109 1802 282 1887 ἀναμεῖναι
308 1802 364 1869 καὶ
391 1806 434 1888 μη
462 1807 544 1871 κατά
566 1806 627 1888 την
650 1808 863 1891 πρόσπτωσιν
890 1803 1016 1881 εὐθέως
1040 1803 1121 1868 ἀπο-

109 1915 295 1981 παλθεῖσαν
317 1912 379 1994 την
397 1934 431 1976 τε
454 1917 615 1995 αἴσθησιν
634 1910 790 1993 ἀκίνητον
809 1910 1046 1994 διαφυλάττειν
1065 1908 1121 1973 καὶ

108 2018 169 2100 την
202 2016 444 2103 ἐπιφερομένην
480 2016 615 2102 συγχέαι
652 2020 778 2102 φωνην.
838 2017 959 2101 ὁμοίως
991 2014 1028 2081 δὲ
1065 2015 1121 2080 καλ

109 2120 289 2208 ὄσφρησιν·
327 2123 379 2189 ἐπὶ
411 2121 471 2208 μλν
503 2127 565 2211 γάρ
598 2127 740 2207 γεύσεως
771 2128 806 2189 τί
831 2125 884 2188 δεῖ
913 2123 968 2188 καὶ
997 2122 1120 2206 λέγειν;

110 2229 163 2293 διὸ
187 2227 242 2293 καὶ
265 2231 406 2314 μάλιστά
428 2253 498 2306 πως
520 2227 617 2296 αὗται
641 2234 678 2295 αί
693 2233 866 2314 αίσθησεις
883 2235 995 2295 κοῖλαί
1011 2255 1045 2294 τε
1064 2228 1120 2294 καὶ

56 2347 90 2396 20
110 2333 311 2421 ἀντροειδεῖς
324 2338 634 2421 κατεσκευάσθησαν
652 2340 735 2423 πρὸς
748 2339 785 2403 τὸ
800 2336 950 2422 ἐμμένειν
963 2337 1004 2402 τά
1017 2353 1121 2422 προσ-

109 2444 270 2506 πίπτοντα
294 2444 427 2526 σώματα
449 2447 605 2520 πλείονας
627 2447 776 2529 χρόνους.
812 2442 868 2508 καὶ
887 2441 939 2508 έπλ
961 2452 1020 2527 τῆς
1043 2443 1121 2528 ὁρά-

110 2564 192 2624 σεως
215 2543 287 2632 οὖν,
309 2554 399 2635 είπερ
419 2548 543 2627 ἔξωθεν
562 2549 645 2636 αὐτῇ
664 2549 864 2636 προσέπιπτε
882 2551 922 2614 τά
940 2552 1121 2632 κινήσοντα

109 2653 214 2737 αὐτην
233 2651 377 2738 σώματα,
395 2653 450 2719 καὶ
468 2658 512 2740 μη
532 2656 614 2740 αὐτη
638 2654 849 2735 έξαπέστελλέ
865 2680 897 2720 τι
916 2655 975 2741 ἀφ’
992 2654 1121 2740 ἑαυτῆς,

110 2759 177 2825 ἔδει
199 2762 260 2844 τὴν
279 2764 484 2846 κατασκευὴν
502 2763 603 2847 αὐτῆς
620 2767 737 2847 κοίλην
754 2786 789 2828 τε
807 2762 862 2828 καὶ
881 2764 1022 2828 εὔθετον
1038 2764 1122 2849 πρὸς

57 2879 91 2928 25
109 2866 280 2951 ὑποδοχὴν
302 2879 369 2932 τῶν
386 2872 661 2954 προσπιπτόντων
685 2870 846 2953 σωμάτων
864 2864 963 2934 εἶναι·
986 2867 1065 2933 νυνὶ
1084 2865 1121 2933 δὲ

108 2981 284 3060 θεωρεῖται
308 2984 405 3040 τοῦτο
434 2976 494 3059 οὐχ
518 2976 623 3052 οὕτως
646 2979 735 3059 ἔχον,
763 2975 846 3040 ἀλλά
868 2980 995 3059 μάλλον
1021 2991 1120 3059 σφαι-

108 3081 240 3167 ροειδὴς
263 3077 346 3147 οὖσα
369 3088 543 3168 θεωρεῖται
566 3081 586 3164 η
610 3082 733 3167 ὅρασις.

183 3316 205 3364 1.
225 3308 332 3380 γίνεται
345 3328 372 3378 p.
428 3315 452 3363 5.
473 3309 636 3377 εῦρήσκουσι
650 3329 675 3377 v,
692 3311 740 3364 sed
750 3327 818 3364 corr.
875 3315 898 3366 6,
914 3310 1079 3378 εὑρήσκονσι
1093 3327 1119 3377 v,

111 3382 161 3435 sed
180 3398 248 3436 corr.
335 3388 358 3434 9.
380 3379 501 3448 ἔφασκεν
519 3380 576 3449 Vp.
657 3379 692 3434 τά
706 3383 778 3452 (pr.)]
797 3380 829 3435 τό
847 3381 880 3435 V.
973 3386 1014 3434 10.
1034 3399 1120 3436 κατα-

106 3449 278 3507 σκενακέναι
296 3469 320 3520 τ,
342 3454 371 3505 et
388 3450 422 3519 V,
442 3451 491 3504 sed
510 3467 578 3505 corr.
593 3470 628 3505 m.
643 3467 697 3506 rec.
770 3458 811 3505 11.
832 3449 894 3524 μέν]
914 3469 967 3507 om.
983 3471 1008 3506 v.
1079 3456 1121 3506 12.

93 3518 203 3584 lffoffev
222 3541 246 3593 τ,
274 3539 344 3578 corr.
363 3541 399 3579 m.
417 3528 442 3578 2.
531 3528 574 3578 14.
596 3521 737 3593 ἐπιτήδεον
753 3523 791 3577 V.
870 3528 913 3577 λδ.
930 3524 1075 3591 ἀναμῆναι
1094 3540 1120 3590 v,
