2324 3788
213 144 251 191 IN
270 143 480 194 OPTICORUM
497 143 753 194 RECENSIONEM
771 141 937 192 THEONIS.
1015 137 1081 200 279

67 284 274 373 ὑποκειμένῳ
308 285 466 374 ἐπιπέδῳ,
498 282 577 350 ποτὲ
609 282 669 368 μὲν
701 289 770 367 ἴσα,
802 279 881 347 ποτε
913 279 950 346 δὲ
983 284 1081 347 ἀνισα

68 388 234 475 φαίνεται.

140 500 220 562 ἴστω
245 504 299 563 ἴσα
322 497 446 582 μεγέθη
469 498 509 562 τά
528 502 604 581 ΑΒ,
624 500 685 561 ΓΛ
708 498 789 582 πρὸς
808 496 914 581 ὀρθάς
933 496 1014 559 ὄντα
1033 505 1079 582 τῷ

68 602 275 692 ὑποκειμένῳ
299 603 449 692 ἐπιπέδῳ.
487 602 581 687 λέγω,
605 604 655 669 ὅτι
674 607 742 669 ἔστι
761 625 810 678 τις
829 605 937 684 τόπος,
961 597 1001 666 οὗ
1020 610 1080 665 τοῦ

69 710 216 792 ὄμματος
238 709 491 793 μεθισταμένου,
514 719 573 775 τοῦ
599 706 636 774 δὲ
658 707 827 795 ὁρωμένου
851 705 1017 791 μένοντος,
1040 708 1080 771 τά
1117 718 1133 765 5

69 820 150 898 ΑΒ,
170 818 231 879 ΓΛ
253 812 332 880 ποτὲ
354 813 414 900 μὲν
438 822 507 899 ἴσα,
529 812 607 880 ποτὲ
630 812 667 880 δὲ
690 817 788 880 ἀνισα
811 818 972 899 φαίνεται.
1010 813 1080 878 ἐπε-

71 923 201 1006 ζεύχθω
219 921 240 1004 η
255 927 317 986 ΒΛ
339 921 395 986 καὶ
412 925 584 1007 τετμήσθω
604 924 680 1006 ἀίχα
697 923 780 986 κατά
799 923 835 986 τὸ
849 927 889 1005 Ε,
912 919 967 985 καὶ
984 921 1079 1004 ἤχθω

66 1029 155 1113 πρὸς
178 1028 283 1113 ὀρθάς
306 1030 388 1113 αὐτῇ
411 1028 431 1111 ἡ
455 1034 527 1093 ΕΖ.
573 1028 672 1111 λέγω,
695 1029 756 1112 ὅτι,
779 1027 837 1093 έάν
861 1026 913 1092 ἐπὶ
935 1036 993 1111 τῖχς
1015 1031 1081 1090 ΕΖ

67 1136 108 1199 τὸ
133 1137 220 1218 ὄμμα
242 1141 335 1221 τεθῇ,
358 1137 397 1200 τά
416 1140 492 1218 ΑΒ,
512 1138 573 1199 ΓΛ
597 1140 652 1199 ἴσα
675 1139 836 1219 φαίνεται.
872 1138 995 1199 κείσθω
1016 1134 1079 1219 γάρ

68 1239 126 1306 ἐπὶ
149 1250 209 1304 τοῦ
235 1247 276 1324 Ζ,
303 1240 359 1306 καὶ
380 1241 675 1328 προσπιπτέτωσαν
698 1241 825 1317 ἀκτῖνες
849 1242 886 1305 αί
906 1245 984 1324 ΒΖ,
1005 1244 1080 1323 ΖΑ,
1099 1249 1134 1298 10

71 1350 149 1430 ΖΓ,
175 1352 247 1412 ΖΛ.
294 1353 348 1430 κη
372 1350 435 1434 ιρι
462 1349 482 1432 η
506 1353 569 1412 ιιι
596 1359 634 1434 τη
660 1353 732 1412 ΖΛ.
778 1347 868 1412 ιιιι·
887 1346 943 1411 τοι
969 1346 990 1430 η
1014 1351 1080 1410 AB

67 1463 111 1538 τῇ
136 1456 199 1518 ΓΛ
221 1453 391 1518 ὑπόκειται
415 1459 483 1536 ἴση·
516 1455 578 1518 δύο
601 1455 642 1537 θη
666 1455 703 1518 αί
723 1459 803 1537 ΑΒ,
823 1459 886 1518 ΒΖ
909 1451 987 1518 δυσὶ
1009 1464 1080 1528 ταῖς

70 1564 148 1643 ΓΔ,
171 1566 204 1625 Δ
211 1565 238 1623 Ζ
265 1566 334 1623 ἴσαι
362 1562 459 1625 εἰσιν
491 1558 548 1625 καὶ
575 1563 698 1642 γωνίας
725 1559 830 1645 ὀρθάς
857 1559 1079 1646 περιέχουσιν·

30 1692 36 1700 ·
68 1668 168 1752 βάσις
196 1668 259 1752 ἀρα
283 1664 303 1747 ἡ
327 1671 359 1729 Α
366 1670 393 1729 Ζ
419 1665 513 1748 βάσει
540 1675 580 1749 τῇ
606 1667 671 1728 ΖΓ
695 1671 748 1748 ἴση
773 1664 870 1730 ἐστίν.
916 1667 998 1731 ὥστε
1025 1663 1081 1730 καὶ

68 1776 176 1856 γωνία
199 1771 219 1855 η
241 1771 307 1835 ὑπὸ
332 1776 433 1835 ΒΖΔ
455 1779 494 1856 τῇ
517 1770 582 1835 ὑπὸ
606 1776 639 1835 Λ
647 1774 711 1835 ΖΓ
730 1777 793 1855 ἴση.
835 1773 918 1836 ὥστε
939 1773 980 1835 τά
1002 1777 1079 1855 ΑΒ,
1099 1783 1134 1831 15

70 1882 135 1944 ΓΔ
159 1883 213 1943 ἴσα
237 1878 430 1962 ὀφθήσεται.
467 1881 670 1960 μετακείσθω
695 1879 735 1960 δὴ
758 1878 795 1941 τὸ
814 1878 902 1960 ἴμμα
923 1875 979 1941 καὶ
997 1880 1079 1942 ἔστω

68 1987 108 2049 τὸ
132 1989 176 2049 Η.
200 1983 320 2066 ’λέγω,
351 1984 400 2048 ὅτι
426 1984 524 2047 ἀνισα
547 1982 740 2066 ὀφθήσεται.
786 1982 1080 2069 προσπιπτέτωσαν

69 2091 201 2167 ἀκτῖνες
224 2093 261 2155 αί
282 2095 365 2172 ΗΒ,
386 2094 473 2173 ΗΑ,
498 2092 580 2173 ΗΓ,
603 2093 684 2154 ΗΛ.
734 2093 852 2173 μείζων
875 2091 939 2175 ἀρα
966 2089 986 2171 η
1010 2094 1084 2154 ΒΗ

69 2207 130 2280 τῆς
154 2202 234 2261 ΗΛ.
280 2197 466 2281 ἀφῃρήσθω
496 2193 557 2261 οὖν
585 2195 649 2260 ἀπὸ
676 2204 733 2279 τῆς
760 2200 829 2259 ΗΒ
857 2203 895 2280 τῇ
923 2199 996 2260 ΗΛ
1024 2202 1079 2278 ἴση

69 2303 92 2386 ἡ
116 2308 196 2387 ΒΘ,
223 2301 279 2368 καὶ
303 2303 485 2386 ἐπεζεύχθω
509 2301 529 2385 ἡ
552 2309 585 2367 A
592 2307 629 2366 Θ.
676 2309 729 2385 ἴση
753 2304 817 2387 ἀρα
839 2305 944 2384 γωνία
971 2301 990 2384 η
1014 2303 1078 2367 ὑπὸ
1098 2316 1133 2364 20

70 2415 170 2476 ΒΘΑ
192 2420 231 2495 τῇ
249 2409 314 2473 ὑπὸ
335 2412 446 2473 ΓΗΔ.
483 2407 555 2473 ἀλλ’
571 2408 591 2491 ἡ
610 2408 675 2473 ὑπὸ
694 2413 792 2473 ΒΘΑ
813 2418 871 2493 της
888 2409 953 2474 ὑπὸ
973 2414 1049 2473 ΑΗ
1052 2414 1080 2473 Θ

67 2520 202 2600 μείζων
236 2514 326 2591 ἐκτὸς
353 2515 430 2600 γάρ·
463 2514 519 2580 καὶ
550 2515 570 2598 ἡ
597 2515 663 2580 ὑπὸ
693 2518 799 2580 ΓΗΔ
831 2517 894 2602 ἀρα
925 2525 983 2599 της
1013 2516 1079 2581 ὑπὸ

71 2626 179 2687 BHA
205 2626 331 2706 μείζων.
378 2620 538 2686 ὥστεκαὶ
565 2621 585 2704 η
610 2625 671 2686 ΓΛ
697 2625 815 2706 μείζων
842 2631 899 2706 της
922 2628 987 2687 ΑΒ
1016 2647 1079 2707 φα-

69 2731 214 2812 νήσεται.

421 2854 473 2917 Ad
495 2874 585 2936 prop.
608 2851 725 2916 XLIII.
1098 2864 1133 2912 25

139 2978 189 3053 83.
220 2975 397 3061 Ἐφάψεται
416 2978 458 3060 δή
475 3000 506 3060 p.
522 2977 594 3060 228,
610 2975 666 3060 24]
686 2975 744 3040 ε’ἀν
762 2977 825 3061 γάρ
844 2987 931 3061 τρεῖς
949 2975 1078 3040 εὐθεῖαι

68 3083 237 3167 ἀνάλογον
260 3079 357 3166 ὦσιν,
384 3084 421 3147 τὸ
448 3082 514 3147 ὑπὸ
538 3094 604 3148 τῶν
627 3084 738 3167 ἀκρων
766 3088 840 3146 ἴσον
867 3091 911 3169 τῷ
935 3081 998 3146 ἀπὸ
1021 3092 1078 3165 της

68 3188 181 3274 μέσης,
203 3187 260 3253 καὶ
283 3190 339 3253 ἀιά
362 3197 459 3252 τοῦτο
483 3190 539 3253 ἀιά
561 3189 598 3252 τὸ
622 3186 677 3272 ,ἴδ’
697 3196 756 3251 τοῦ
776 3187 809 3270 γ’
827 3197 885 3271 τῆς
905 3186 1077 3253 Ἐπιπέδου

68 3295 258 3381 ἐφάπτεται.

87 3468 91 3475 ’
143 3494 185 3543 εε,
205 3488 238 3541 V.
