2334 3788
145 858 171 921 1.
208 857 384 940 Λιολστήμα
410 877 441 939 p.
467 857 502 939 2,
525 854 560 938 3]
593 856 666 937 ήτοι
697 857 779 920 κατδι
811 855 996 930 διαστάσεις
1027 852 1083 918 καὶ

76 964 135 1040 τὰς
158 961 213 1028 ἀπ’
235 962 385 1045 ἀλλήλων
408 961 615 1045 ἀποτμήσεις.

145 1090 174 1151 2.
204 1085 258 1152 Ἐν
277 1089 471 1171 διαστήματι
488 1110 518 1171 p.
533 1085 565 1170 4,
580 1085 613 1169 1]
632 1083 781 1150 τουτέστι
798 1086 881 1150 κατδι
900 1086 1082 1150 διάστασιν.

144 1214 173 1277 3.
216 1208 393 1276 Τοντέστιν
422 1208 490 1275 ἐπεὶ
517 1211 561 1293 μή
589 1221 737 1293 συνεχεῖς
762 1212 1026 1296 προσπίπτουσιν
1049 1211 1086 1275 αἱ

77 1321 183 1401 ὄψεις,
211 1317 294 1383 ἀλλὰ
318 1318 400 1382 κατδι
428 1317 604 1400 διάστημα,
632 1319 766 1381 ἔσονταί
784 1339 858 1381 τινα
887 1316 923 1381 έν
945 1325 991 1404 τῷ
1014 1321 1084 1381 ΑΔ
1120 1332 1137 1381 5

81 1426 285 1508 διαστήματι,
307 1424 390 1509 πρὸς
412 1423 432 1488 δ
456 1425 493 1487 αἱ
513 1424 606 1501 ὄψεις
628 1422 668 1487 οὐ
691 1433 963 1509 προσπεσοῦνται.

144 1550 173 1612 4.
205 1552 271 1626 Δεῖ
290 1549 353 1633 γὰρ
377 1548 417 1611 τδι
435 1542 786 1632 δρώμεναολπόστασίν
805 1571 879 1612 τινα
898 1551 984 1631 ἔχειν
1001 1548 1085 1633 πρὸς

79 1655 116 1719 τὸ
135 1656 234 1738 ὄμμα
255 1654 340 1718 οὕτω
359 1655 422 1740 γὰρ
442 1653 655 1739 ὁραδήσεται·
674 1654 719 1731 ὡς
737 1660 771 1718 ελ
785 1677 821 1738 γε
839 1655 1001 1739 μηδεμίαν
1019 1657 1084 1738 ἔχει

79 1760 271 1844 ἀπόστασιν,
294 1760 354 1844 οὐχ
377 1760 586 1846 δραδήσεται.

144 1885 173 1950 5.
206 1889 339 1964 Μείζων
362 1885 404 1950 δν
425 1879 466 1968 ἦν
490 1894 547 1968 τῆς
570 1888 629 1949 ΓΛ
651 1908 682 1969 p.
701 1887 737 1969 4,
755 1881 810 1970 20]
835 1885 1002 1969 μάνθανε,
1030 1886 1086 1949 διδι
1105 1897 1138 1946 10

80 1995 115 2056 τί
137 1995 254 2077 μείζων
281 1991 301 2075 ή
325 1995 360 2055 Κ
364 1995 395 2056 A
422 2000 479 2075 τῆς
502 1995 563 2056 ΓΛ
589 1994 696 2055 καίτοι
725 1997 779 2074 ἴση
807 1987 891 2056 οὖσα
918 1992 1000 2056 κατὰ
1027 1993 1088 2075 τήν

80 2099 254 2182 ὑπόθεσιν,
274 2099 354 2164 ὅταν
369 2095 486 2182 διέλθῃ
502 2094 557 2160 καὶ
571 2096 591 2180 ή
605 2100 674 2160 ΕΚ
689 2095 778 2179 καλή
793 2101 859 2162 ΕΛ
877 2098 933 2162 διδι
947 2106 1004 2181 τῆς
1019 2101 1087 2162 ΓΛ.

80 2203 149 2269 ἐπεὶ
172 2204 380 2290 παράλληλος
403 2202 534 2287 ἐλήφθη
557 2200 577 2284 ή
598 2205 658 2266 ΓΛ
680 2213 720 2288 τῇ
739 2206 817 2287 KA,
839 2201 894 2268 καὶ
917 2207 965 2280 εἰς
986 2203 1088 2280 αὐτδις

81 2309 288 2395 ἐμπέπτωκεν
312 2311 427 2376 εὐθεῖα
449 2308 469 2393 ή
493 2313 574 2393 ΚΕ,
597 2307 725 2392 ἐγένετο
747 2309 767 2393 ἡ
792 2310 884 2387 ἐκτὸς
906 2314 1010 2393 γωνία
1033 2316 1087 2394 ἴση

80 2426 119 2502 τή
143 2416 235 2494 έντὸς
261 2416 317 2482 καὶ
340 2417 538 2483 ἀπεναντίον
564 2415 584 2499 ἡ
608 2415 673 2481 ὑπὸ
695 2420 798 2481 ΔΓΕ
823 2427 862 2502 τῇ
888 2417 953 2482 ὑπὸ
978 2420 1086 2482 ΛΚΓ.
1107 2428 1141 2479 15

80 2525 136 2588 διδι
158 2525 217 2588 τὸν
240 2524 343 2588 αὐτὸν
365 2527 465 2608 λόγον
488 2522 543 2588 καὶ
566 2523 586 2607 ή
608 2524 691 2608 πρὸς
709 2533 754 2610 τῷ
773 2529 807 2587 A
829 2533 868 2610 τῇ
885 2525 969 2610 πρὸς
987 2533 1032 2611 τῷ
1048 2527 1087 2588 A.

80 2634 149 2696 ἔστι
172 2627 208 2695 δδ
231 2629 286 2694 καὶ
308 2632 402 2714 κοινή
425 2633 530 2712 γωνία
557 2628 578 2712 ἡ
601 2630 684 2715 πρὸς
706 2639 751 2716 τῷ
774 2634 819 2694 Ε·
851 2635 910 2695 καί
934 2633 997 2696 εἰσι
1026 2631 1087 2695 δύο

82 2741 227 2823 τρίγωνα
250 2738 289 2801 τδι
309 2740 417 2819 ΓΕΛ,
436 2739 538 2800 ΚΕΛ
560 2736 618 2812 τὰς
640 2747 727 2822 τρεῖς
749 2740 873 2818 γωνίας
895 2742 968 2813 ἴσας
991 2736 1088 2819 ἀλλή-

82 2847 155 2918 λαις
179 2847 295 2927 ἔχοντα
317 2881 361 2889 -
383 2842 403 2926 ή
426 2843 508 2927 πρὸς
530 2851 576 2929 τῷ
601 2845 633 2906 Γ
654 2851 693 2926 πή
716 2843 799 2927 πρὸς
820 2851 866 2930 τῷ
889 2846 935 2926 Κ,
963 2842 983 2925 ἡ
1006 2844 1088 2929 πρὸς

79 2958 125 3036 τῷ
149 2955 182 3013 A
204 2959 244 3035 τῇ
267 2950 350 3034 πρὸς
372 2958 417 3036 τῷ
440 2952 481 3032 Λ,
502 2950 598 3032 κοινή
621 2946 641 3030 ή
663 2949 747 3034 πρὸς
769 2958 814 3036 τῷ
837 2954 869 3013 Ε
888 2986 939 3032 -,
962 2959 1028 3013 τῶν
1052 2945 1088 3013 δὲ
1106 2958 1141 3008 20

153 3147 177 3196 1.
196 3138 245 3194 Vb.
318 3141 407 3196 2.V³.
480 3145 504 3194 3.
524 3140 571 3195 W.
643 3146 668 3194 4.
687 3140 733 3195 V’.
807 3139 899 3196 ΜΠ).

83 3252 293 3260 u——--————

153 3324 194 3373 12.
219 3317 272 3372 Per
295 3319 386 3372 totum
409 3317 494 3371 schol.
520 3321 545 3372 E
566 3317 690 3387 positum
713 3320 756 3372 est
778 3335 828 3388 pro
852 3324 882 3374 Β.
971 3317 1087 3390 Mam]

84 3406 236 3459 suprascr.
313 3397 362 3458 τῆς
382 3390 441 3460 ΓΔ]
460 3389 525 3444 h.e.
544 3399 599 3444 τῶν
620 3394 697 3458 Γ,Δ.
