2334 3788
280 141 492 194 orrrcoauu
510 141 690 194 asoausro
709 142 875 194 rasours.
1022 141 1085 206 169

71 285 225 368 quoniam
243 287 282 350 H
303 285 475 350 sublimius
494 291 544 351 est
563 308 661 370 quam
680 289 720 370 A,
743 289 775 350 A
793 289 901 350 autem
921 307 1018 369 quam
1037 290 1084 370 M,

70 391 128 455 ubi
151 395 259 456 autem
282 395 322 455 H
348 397 412 478 est,
440 391 486 456 ibi
510 397 560 457 est
585 395 625 477 Γ,
653 393 711 457 ubi
734 396 780 478 A,
810 392 858 456 ibi
880 397 927 477 A,
958 392 1015 455 ubi
1038 396 1086 478 M,

69 497 118 562 ibi
138 502 175 582 Z,
196 520 254 581 per
277 501 349 583 ΒΓ,
368 502 432 562 BA
456 503 564 563 autem
587 505 620 563 A
627 502 659 563 Γ
682 500 830 583 adparet,
851 521 909 584 per
931 502 1003 584 BA,
1021 503 1085 563 ΒΖ

69 626 147 669 uero
177 609 255 687 ZA,
288 610 321 669 et
354 609 421 670 KZ
451 627 510 689 per
536 609 614 690 BZ,
636 608 715 690 ΒΚ,
749 605 921 670 sublimius
953 607 1086 691 adparet

71 714 134 776 ΓΛ
167 734 263 796 quam
293 716 369 798 ZA,
389 717 451 776 ΖΔ
484 735 579 796 quam
607 715 675 776 ΖΚ
679 736 687 793 3
719 734 796 776 nam
829 734 910 796 quae
939 734 958 775 a
985 711 1084 776 radiis

71 817 317 883 sublimioribus
341 822 526 904 cernuntur,
551 817 743 883 sublimiora
765 819 921 902 adparent
945 817 1021 902 [def.
1039 817 1084 902 5].

552 1050 602 1114 11.

140 1171 316 1236 Planorum
346 1195 444 1257 supra
471 1172 599 1238 oculum
622 1173 806 1258 positorum
828 1179 937 1258 partes
960 1173 1087 1259 longin-

74 1279 203 1364 quiores
228 1278 433 1344 demissiores
457 1280 667 1364 adpareburrt.

565 1387 677 1452 oeulus
703 1388 788 1452 enim
807 1388 850 1452 sit
867 1391 896 1451 Β
915 1386 1001 1452 infra
1018 1387 1085 1472 pla-

510 1515 591 1559 num
599 1499 662 1559 ΔΖ
676 1494 814 1580 positus,
828 1517 847 1558 a
860 1517 923 1579 quo
935 1493 1085 1560 adoidant

508 1600 591 1691 radii
618 1604 699 1687 BA,
727 1603 806 1686 ΒΓ,
827 1605 907 1685 ΒΖ,
947 1622 1085 1686 quorum

507 1710 573 1771 BZ
592 1707 632 1771 ad
648 1708 783 1793 planum
797 1707 1001 1791 suppositum
1015 1728 1086 1790 per·

446 1886 449 1893 Ι
510 1812 726 1898 pendioularis
749 1812 801 1877 sit.
843 1812 924 1897 dieo,
948 1815 1010 1876 ΓΔ
1033 1813 1084 1877 de-

512 1919 644 1984 missius
685 1921 838 2003 adparere
877 1942 975 2004 quam
1013 1922 1085 1985 ΓΖ.

511 2030 646 2109 propter
661 2025 828 2090 theorema
845 2048 943 2110 supra
961 2026 1086 2111 exposi-

510 2135 581 2196 tum
609 2136 674 2196 BA
705 2154 722 2196 e
750 2131 848 2196 radiis
881 2155 900 2196 a
928 2136 957 2196 Β
990 2133 1083 2198 oculo

276 2208 351 2259 E*
429 2217 463 2269 B
511 2239 552 2304 ad
586 2239 720 2325 planum
756 2245 790 2303 A
796 2243 824 2303 Z
861 2238 1084 2304 adsidentibus
1128 2260 1129 2264 ’

74 2349 213 2414 maxime
233 2347 391 2414 demissus
410 2351 470 2433 est,
495 2349 563 2410 ΒΓ
579 2350 688 2410 autem
707 2344 877 2409 demissior
896 2367 993 2429 quam
1012 2349 1083 2411 BZ.

73 2478 187 2521 uerum
214 2477 272 2540 per
298 2455 407 2520 radios
429 2458 513 2539 BA,
531 2455 599 2517 ΒΓ
622 2452 756 2535 adparet
782 2454 861 2535 ΔΓ,
885 2454 946 2516 ΓΖ
974 2454 1085 2516 autem

71 2585 130 2647 per
153 2565 224 2646 ΒΓ,
243 2565 316 2625 ΒΖ.
353 2582 431 2647 ergo
450 2564 483 2623 Δ
490 2562 522 2623 Γ
542 2557 713 2623 demissius
734 2580 831 2642 quam
849 2561 910 2622 ΓΖ
934 2557 1083 2623 cernitur.

75 2808 129 2846 ree.
151 2791 184 2844 V.
259 2794 300 2843 10.
321 2786 456 2844 ἐπίπεδον
475 2791 553 2859 (corr.
572 2806 608 2844 m.
628 2789 693 2857 reo.)
711 2785 847 2857 κειμένων
864 2787 898 2857 V,
924 2787 988 2842 add.
1003 2788 1086 2859 β-α

72 2881 108 2917 m,
124 2878 192 2929 reo.;
211 2857 347 2929 κειμένων
362 2858 502 2915 ἐπιπέδων
521 2877 569 2929 vp.
643 2863 685 2912 11.
705 2859 848 2930 φανεῖται]
868 2855 1001 2927 φαίνεται
1017 2876 1037 2928 p
1055 2860 1086 2912 et

73 2952 109 2989 m.
130 2949 183 2987 rec.
205 2932 238 2986 v.
312 2935 353 2985 ra
374 2936 431 3000 ΒΔ,
447 2931 519 3001 ΒΓ]
540 2935 599 2997 ΒΓ,
613 2935 662 2985 ΒΔ
679 2929 712 2984 V.
786 2936 827 2985 14.
847 2924 887 2985 dv
902 2962 933 2970 -
950 2935 992 2984 re.
1010 2929 1085 2983 oea-

73 3005 159 3075 ρημα]
178 3022 214 3057 m.
234 3008 250 3056 2
269 3020 296 3072 p,
318 3018 372 3056 om.
391 3020 416 3057 v.
491 2997 530 3056 ὧν
549 3032 583 3042 -
602 3006 645 3055 21.
665 3000 776 3072 ὁρᾶται]
795 2999 826 3054 in
843 3017 897 3055 ras.
916 3018 953 3055 m.
971 3015 1026 3055 reo.
1043 2998 1084 3069 V3
1102 3000 1139 3085 ,ᾖ

73 3092 90 3129 a
109 3093 145 3129 m.
166 3082 180 3129 1
201 3073 268 3128 fuit:
288 3074 393 3129 οὐκοῦν
411 3071 597 3142 ταπεινοτάτη
616 3081 672 3126 τῶν
690 3072 747 3126 ἀπὸ
765 3079 815 3127 τοῦ
834 3077 856 3125 Β
875 3071 998 3141 ὄμματος
1014 3069 1085 3139 τοὺς
1109 3084 1139 3171 *q

71 3146 104 3200 τὸ
114 3152 140 3200 Δ
148 3149 169 3199 Ζ
189 3141 324 3198 ἐπίπεδον
338 3138 571 3212 π’ᾄοσπιπτονοῶν
585 3139 707 3199 ἀκτίνων
722 3142 796 3198 ἐστὶν
809 3142 827 3213 ἡ
840 3147 897 3211 ΒΔ,
915 3141 964 3197 καὶ
977 3141 1085 3197 ἀπώτε-

73 3236 124 3284 ρον
144 3214 276 3285 φαίνεται
293 3215 325 3269 τὸ
344 3221 370 3270 A
376 3233 381 3243 ·
401 3215 432 3270 τὸ
447 3221 473 3270 Δ
491 3214 548 3283 ἄρα
565 3213 764 3283 ταπεινότερον
783 3209 916 3282 φαίνεται
931 3220 982 3268 τοῦ
1001 3216 1034 3281 Γ,
1050 3212 1084 3267 τὸ

72 3285 105 3342 δέ
126 3292 152 3341 Γ
166 3296 216 3342 τοῦ
238 3291 267 3340 Ζ.
342 3291 384 3340 15.
404 3285 465 3358 ΓΔ]
485 3290 544 3340 ΔΓ
558 3285 591 3341 V.
665 3291 707 3341 20.
725 3286 757 3340 τὸ
777 3284 841 3411 ΓΞ]
861 3300 914 3339 om.
928 3300 955 3339 v.
1008 3282 1084 3357 ΔΓ]

73 3363 101 3413 Γ
115 3377 152 3413 m.
171 3365 187 3413 2
206 3377 233 3429 p.
313 3362 356 3412 21.
375 3357 444 3412 Post
463 3356 562 3426 dodras
580 3357 644 3412 add.
664 3366 720 3412 τῶν
739 3356 795 3425 ἄρα
834 3375 874 3412 νω
891 3362 943 3411 τοῦ
961 3352 1086 3425 ὄμματος

71 3427 208 3499 κειμένων
222 3427 320 3485 καὶτὰ
334 3427 444 3499 έξῆςΓ,
462 3429 494 3483 τὸ
508 3434 534 3483 A
552 3427 608 3497 ἄρα
626 3426 826 3497 ταπεινότερον
840 3422 974 3498 φαίνεται
985 3432 1036 3483 τοῦ
1050 3426 1089 3483 Γ·

71 3501 103 3555 τὸ
123 3499 154 3555 δέ
175 3505 201 3554 Γ
215 3509 265 3555 τοῦ
287 3505 308 3554 Z
325 3517 381 3570 mg.
399 3517 435 3555 m.
456 3505 471 3554 2
490 3518 517 3571 p.
1041 3464 1089 3559 A
