2334 3788
108 127 152 191 94
448 126 618 180 EUcmms
638 126 776 179 OPTIOA.

109 272 235 357 δέχεται
267 275 328 356 τήν
358 273 423 337 ὑπὸ
455 282 523 336 τῶν
549 274 584 336 K
588 275 660 335 ΖΛ.
716 268 875 353 ἐφάψεται
904 269 945 351 δή
972 277 1030 352 τής
1056 271 1126 332 ΒΓ

108 380 256 463 εὐθείας,
280 379 452 465 ἐπειδήπερ
476 378 521 454 ὡς
543 376 562 459 ή
584 379 655 441 ΚΓ
676 376 759 461 πρὸς
781 376 842 459 τήν
865 378 941 458 ΓΖ,
971 374 1077 451 οὕτως
1099 375 1120 458 ἡ

110 490 170 551 ΓΖ
188 488 271 573 πρὸς
284 489 345 571 τήν
360 490 429 551 ΓΛ.

108 596 232 658 κείσθω
244 595 285 678 δή
295 595 332 658 τὸ
343 595 430 678 ὄμμα

74 712 90 761 5
110 699 162 766 έπὶ
171 709 231 765 τοῦ
241 705 270 764 Β
283 705 430 786 σημείου,

108 805 164 872 καὶ
190 808 430 893 προσεκβεβλή-

109 919 248 978 σθωσαν
282 915 319 979 αἱ
347 919 429 997 ΑΒ,

109 1024 183 1085 ΒΚ.
199 1019 381 1104 ἐπεζεύχθω
393 1018 430 1086 δὲ

109 1126 217 1209 ήΣΔ.
230 1127 361 1205 1οὐκοῦν
375 1133 429 1210 ίσή

57 1232 129 1316 1οή
160 1237 191 1296 Φ
218 1236 323 1315 γωνία
350 1244 390 1318 τή
417 1239 452 1298 Σ
476 1237 593 1322 γωνία·
626 1233 663 1299 έν
690 1233 753 1319 γὰρ
786 1243 831 1321 τῷ
862 1234 950 1322 αὐτῷ
978 1235 1123 1317 τμήματί

109 1341 203 1404 είσιν.
252 1342 311 1404 καί
335 1339 426 1404 έστιν
451 1339 471 1422 ή
500 1344 535 1403 Σ
559 1349 616 1423 τής
643 1344 672 1403 Β
700 1343 824 1422 γωνίας
851 1342 982 1424 μείζων·
1014 1337 1070 1404 καί
1098 1338 1118 1422 ἡ

75 1474 81 1494 =
112 1450 143 1509 Φ
170 1447 234 1531 ὄρα
261 1449 365 1527 γωνία
392 1450 500 1529 τήςΒ
528 1449 647 1530 μείζων
671 1446 769 1511 έστίν.
806 1455 866 1510 τοῦ
889 1448 953 1531 ἄρα
976 1448 1120 1529 ὄμματος

109 1550 163 1617 ἐπὶ
182 1560 241 1615 τοῦ
257 1556 284 1616 Ζ
303 1553 399 1627 ὄντος
416 1554 525 1636 μεῖζον
539 1556 691 1636 φαίνεται
705 1555 742 1618 τὸ
757 1557 822 1618 ΚΔ
840 1555 921 1637 ήπερ
940 1550 992 1617 ἐπὶ
1006 1562 1065 1617 τοῦ
1080 1557 1118 1617 Β.

583 1771 649 1830 μί·

58 1885 91 1933 15
182 1873 230 1936 Τὸ
249 1869 281 1934 θ’
298 1870 377 1935 αὐτὸ
397 1872 607 1955 συμβήσεται,
625 1870 688 1935 κᾶν
705 1871 912 1956 παράλληλος
930 1866 950 1958 ᾗ
968 1871 989 1954 ή
1004 1872 1119 1937 εὐθεῖα

110 1980 241 2064 γραμμή
265 1987 310 2065 τῷ
334 1977 489 2065 ὁρωμένῳ
513 1976 654 2061 μεγέθει.

177 2087 259 2149 έστω
284 2084 452 2170 ὁρώμενον
476 2084 616 2167 μέγεθος
634 2084 670 2148 τὸ
690 2088 755 2147 ΑΒ
778 2081 833 2147 καὶ
851 2088 1023 2168 τετμήσθω
1043 2086 1118 2169 δίχα

109 2192 191 2255 κατὰ
214 2192 251 2255 τὸ
274 2196 306 2254 Ε
331 2201 480 2274 σημεῖον,
512 2187 567 2254 καὶ
595 2189 731 2273 ἀνήχθω
759 2189 822 2254 ἀπὸ
850 2198 909 2254 τοῦ
932 2195 964 2254 Ε
989 2200 1029 2276 τῇ
1052 2196 1117 2255 ΑΒ

109 2298 191 2382 πρὸς
214 2296 319 2378 ὀρθὰς
342 2296 361 2378 ή
380 2300 454 2379 ΕΖ,
478 2294 531 2379 ἐφ’
552 2291 590 2378 ής
609 2297 696 2379 ὄμμα
713 2298 838 2360 κείσθω
857 2298 894 2361 τὸ
915 2301 952 2379 Ζ,
974 2296 1029 2361 καὶ
1048 2297 1118 2362 έπε-

55 2415 90 2463 20
110 2404 301 2486 ζεύχθωσαν
319 2401 447 2466 εὐθεῖαι
462 2402 499 2466 αἱ
516 2406 586 2484 ΖΑ,
602 2407 674 2484 ΖΒ,
697 2401 752 2467 καὶ
770 2403 1028 2488 περιγεγράφθω
1043 2402 1118 2488 περὶ

108 2510 145 2573 τὸ
175 2513 273 2573 ΑΖΒ
306 2511 469 2593 τρίγωνον
501 2517 609 2593 τμήμα
636 2510 673 2573 τὸ
702 2513 816 2591 ΑΖΒ,
848 2507 903 2573 καὶ
937 2510 1028 2592 ήχθω
1062 2511 1118 2574 διὰ

108 2624 168 2679 τοῦ
193 2620 219 2679 Ζ
242 2624 281 2700 τή
304 2618 369 2679 ΑΒ
393 2613 601 2699 παράλληλος
623 2614 644 2696 ἡ
670 2619 749 2698 ΖΛ,
773 2613 828 2679 καὶ
851 2618 1055 2699 μετακείσθω
1080 2618 1117 2681 τὸ

109 2722 196 2805 ὄμμα
219 2719 272 2786 ἐπὶ
295 2722 331 2784 τὸ
354 2725 402 2804 Δ,
429 2719 484 2784 καί
511 2720 806 2805 προσπιπτέτωσαν
834 2720 962 2797 ἀκτῖνες
985 2724 1021 2787 αἱ
1042 2727 1117 2806 ΑΛ,

107 2831 184 2891 ΔΒ.
221 2826 315 2910 λέγω,
338 2827 388 2892 ὄτι
411 2826 475 2891 ἀπὸ
498 2838 566 2891 τῶν
583 2834 626 2910 Λ,
647 2831 674 2890 Ζ
697 2829 795 2892 ὄνισα
818 2830 1009 2911 φανήσεται.
1047 2828 1118 2892 ε’πε-

55 2945 89 2994 25
110 2935 234 3017 ζεύχθω
259 2932 278 3015 ή
303 2938 382 2997 ΑΗ.
428 2931 497 2998 ἐπεὶ
525 2929 587 2998 οὖν
615 2939 668 3015 ίσή
695 2936 800 3016 γωνία
823 2933 843 3016 ή
866 2934 930 2998 ὑπὸ
955 2939 1053 2998 ΑΖΒ
1077 2944 1117 3019 τῇ

181 3133 203 3180 1.
223 3123 343 3196 δέχεται]
364 3122 507 3195 συνέχεται
525 3124 604 3179 codd.
677 3124 740 3196 τήν]
760 3141 812 3179 om.
829 3125 908 3180 codd.
981 3128 1048 3198 τῶν]
1066 3134 1117 3180 τοῦ

108 3196 187 3251 codd.
272 3196 319 3268 δηΊ
339 3195 368 3248 in
387 3213 440 3249 ras,
460 3195 492 3249 V.
583 3201 607 3250 2.
628 3197 748 3266 ΚΓ]Γ
762 3195 863 3251 iuras,
884 3196 915 3250 V.
1008 3202 1031 3251 3.
1053 3198 1116 3268 FZ]

107 3267 137 3320 in
155 3285 208 3322 ras.
228 3267 261 3321 V.
332 3267 391 3336 ΓΔ]
411 3266 441 3318 in
460 3283 514 3320 ras.
533 3265 566 3320 V.
639 3273 662 3321 6.
683 3267 932 3338 προσεκβεβλήσθω
950 3286 976 3336 V,
996 3270 1025 3321 οε
1042 3267 1116 3336 νοω,

108 3355 175 3393 corr.
195 3357 230 3393 m.
249 3344 273 3392 2.
348 3343 388 3391 10.
409 3339 449 3409 Σ]
469 3353 537 3390 corr.
557 3353 591 3390 ex
611 3338 801 3392 Pm.2Vat.
877 3346 916 3393 11.
938 3338 990 3393 εἰσι
1008 3356 1068 3406 vm,
1089 3342 1118 3392 et

107 3409 180 3478 Vah,
205 3426 272 3464 corr.
291 3427 327 3464 m.
348 3415 371 3463 2.
463 3409 501 3479 Β]
520 3411 585 3477 post
603 3425 655 3463 ras.
677 3416 691 3462 1
712 3408 766 3463 litt.
786 3410 818 3463 V.
911 3416 952 3463 12.
978 3412 1071 3478 μεῖζον
1090 3428 1115 3464 v,

141 3477 199 3532 ἐστί
217 3480 344 3533 Vahvm.
402 3484 443 3534 13.
463 3487 512 3533 τοῦ
528 3479 610 3551 (μίση
629 3480 660 3534 τό
679 3498 704 3535 V.
767 3486 806 3535 14,
827 3481 887 3553 μγ’]
907 3496 960 3535 om.
975 3499 1001 3549 ν,
1021 3481 1066 3551 νγ’
1082 3481 1115 3549 V,
