2334 3788
410 137 582 190 EUOLIDIS
601 139 739 194 OPTICA.
1038 137 1080 202 69

73 279 159 362 quod
186 280 324 364 angulus
354 280 423 363 qud
451 281 571 366 angulo
599 282 662 346 eut
690 282 796 347 minor
823 287 881 347 est.
932 282 1081 347 trahatur

71 385 156 473 enim
179 408 198 449 a
220 390 342 470 puncto
363 408 385 470 9
408 409 504 471 super
526 409 568 453 ae
591 388 739 453 cathetus
763 388 798 452 in
816 388 998 452 subiacenti
1017 389 1081 454 ebi-

71 493 152 577 pedo
158 545 167 578 ,
198 497 231 557 et
253 493 469 580 coniungatur
491 494 540 560 ab.
584 494 624 559 αἶ)
648 515 726 580 ergo
751 516 847 578 super
869 516 910 560 ue
933 495 1081 560 cathetus

72 603 130 664 est.
186 600 339 685 quoniam
371 622 449 686 ergo
481 604 589 666 rectus
619 621 703 686 ααα,
735 601 872 686 angulus
906 622 983 687 ergo
1015 624 1082 685 aya

71 705 177 770 minor
204 711 302 772 reeto.
348 708 464 771 maiori
491 707 610 792 angulo
634 708 738 773 maius
766 708 852 773 latus
876 713 985 773 autem
1008 709 1081 773 sub·
1117 722 1133 770 5

70 812 221 877 tenditur.
259 814 363 878 maior
385 835 463 899 ergo
487 834 532 896 aq
555 836 652 899 quam
676 834 725 880 αα.
762 837 876 878 uerum
895 815 1006 900 anguli
1026 816 1081 899 qui

70 920 129 983 sub
153 941 197 1003 αα
224 925 257 984 et
277 921 321 1003 qb
347 925 380 984 et
403 919 515 1006 anguli
539 920 594 1004 qui
618 923 677 985 sub
701 921 742 986 ba
769 926 802 985 et
824 941 868 986 αα
892 921 973 986 recti
996 927 1081 1006 sunt,

71 1030 102 1090 et
127 1025 184 1112 qb,
207 1025 247 1092 ἶα
277 1026 473 1110 inaequales.
529 1048 606 1113 ergo
634 1027 690 1111 qui
718 1027 778 1091 sub
806 1048 865 1111 αα,
888 1027 931 1092 αἶ)
959 1049 996 1092 eo
1026 1028 1081 1111 qui

71 1132 130 1196 sub
149 1154 205 1217 αα,
223 1133 266 1197 αἶ
290 1132 393 1198 maior
412 1137 470 1198 est.
507 1133 658 1198 similiter
677 1138 786 1199 autem
804 1134 1081 1207 demonstrabitur

71 1243 103 1302 et
127 1239 272 1303 omnium
295 1239 489 1325 angulorum
513 1244 740 1305 contentorum
768 1240 827 1304 sub
852 1240 956 1306 ductis
979 1263 1037 1325 per
1060 1262 1081 1305 α
1100 1255 1133 1304 10

70 1346 168 1411 reetis
192 1351 225 1410 et
247 1345 443 1411 facientibus
467 1347 508 1411 ad
530 1347 574 1411 ab
601 1344 735 1412 reetam‘
748 1348 904 1433 angulum
927 1347 1080 1411 minimus

70 1457 119 1516 est
140 1452 217 1534 aab.

136 1563 169 1622 et
196 1558 419 1645 manifestum,
447 1560 612 1643 quoniam,
640 1561 668 1625 si
700 1562 939 1626 demonstretur
962 1566 995 1625 et
1018 1561 1082 1625 alia

68 1669 157 1730 reeta
179 1687 237 1748 per
259 1686 281 1729 α
307 1669 345 1728 ut
367 1670 406 1730 αἶ
431 1666 588 1730 remotior
610 1667 751 1732 existens
776 1667 816 1732 ab
841 1689 885 1750 αα
910 1688 1007 1750 quam
1030 1687 1081 1752 αα,

68 1771 173 1835 maior
191 1770 253 1835 erit
271 1771 334 1835 ἶαῖ
350 1793 447 1855 quam
465 1771 539 1838 ἶαα.
571 1775 677 1837 tracta
695 1773 782 1838 enim
800 1796 929 1838 rursum
948 1773 1078 1837 eatheto
1098 1787 1132 1836 15

65 1877 110 1960 αἶ
129 1899 226 1962 super
245 1883 283 1942 αἶ
301 1878 516 1965 coniungatur
534 1879 576 1943 bt
594 1879 744 1944 cathetus
759 1879 909 1944 similiter
924 1901 1020 1964 super
1033 1884 1080 1943 αἶ.

68 1987 101 2048 et
124 1984 277 2067 queniam
300 1985 405 2050 maior
428 1990 478 2050 est
500 1985 561 2068 ely
584 2007 681 2070 quam
702 1986 760 2072 αἶα
783 1990 872 2050 recto
896 1986 982 2050 enim
1006 1986 1080 2050 sub-

69 2090 215 2154 tenditur
238 2112 293 2174 α9;
323 2091 427 2155 multo
451 2113 529 2176 ergo
554 2112 597 2156 αα
625 2113 722 2174 quam
745 2092 790 2156 αἶ
816 2090 920 2155 maior
943 2095 1001 2156 est.
1047 2096 1080 2156 et
1107 2136 1118 2162 .

139 2322 164 2371 3.
189 2315 356 2387 coniugatur
373 2318 411 2371 D.
503 2319 581 2390 ergo]
601 2321 633 2373 ἶα
650 2337 704 2374 ras.
725 2319 762 2374 D.
852 2323 876 2372 5.
901 2320 1009 2391 autem]
1027 2336 1078 2389 my.

69 2405 105 2442 m.
126 2393 142 2442 1
162 2389 200 2443 D.
265 2394 288 2442 7.
308 2387 417 2460 angrfli]
437 2389 535 2459 anguli,
553 2391 590 2444 D.
657 2396 698 2445 16.
719 2389 925 2460 coniungantur
942 2391 980 2444 D.
1037 2395 1078 2444 17.

67 2459 134 2530 aly]
154 2477 204 2514 scr.
223 2461 263 2514 αἶ.
352 2463 392 2513 18.
413 2461 463 2532 αα]
483 2478 533 2515 ser.
552 2463 613 2516 αἶῖ.

103 2674 127 2724 5.
149 2672 211 2742 BZ]
233 2675 254 2724 Z
272 2670 302 2723 in
320 2687 374 2725 ras.
393 2671 426 2726 V.
509 2673 582 2744 ΔΕ]
601 2677 654 2726 ΑΕ
672 2673 768 2726 Vatv.
855 2678 879 2728 8.
899 2676 991 2747 ΑΓΖ]
1010 2691 1078 2730 eurr.

70 2756 105 2794 ex
123 2745 145 2794 A
164 2741 197 2810 V,
216 2746 268 2795 ΑΖ
287 2759 370 2812 supra
389 2759 440 2796 ser.
460 2749 481 2797 Β
500 2743 587 2812 Vat.¹,
608 2746 685 2797 BAZ
703 2762 738 2798 m.
804 2742 939 2800 ἐλάσσονα
957 2764 982 2815 v,
1002 2743 1080 2799 ἐλάτ-

65 2848 121 2884 των
141 2829 205 2885 Vat.
299 2837 339 2886 11.
358 2829 489 2887 ὑποτεῖνῖ
506 2851 531 2887 v.
628 2837 669 2887 13.
693 2833 761 2903 ΛΖ]
786 2837 837 2887 ΒΖ
858 2853 894 2889 m.
990 2835 1024 2906 ἡ]
1049 2833 1080 2888 αἶ

67 2899 194 2956 varstan
285 2901 340 2956 aaa
359 2934 394 2943 -
414 2908 454 2957 ια.
477 2904 537 2974 ΖΑ]
559 2903 615 2958 αα
633 2907 726 2970 ΑΓΒ,
745 2907 823 2957 aza
841 2905 962 2960 Veram.
1037 2911 1079 2960 14.

69 2972 132 3043 ΓΒ]
154 2976 181 3025 Γ
196 2971 249 3026 del,
269 2972 363 3027 VVat.
447 2979 488 3028 15.
508 2976 571 3047 BZ]
593 2973 685 3036 Zdel.
705 2975 769 3028 Vat.
852 2977 911 3048 ΖΑ]
933 2975 1025 3030 Zdel.
1045 2975 1078 3031 V.

104 3047 145 3096 16.
167 3042 247 3115 εἰσιν]
267 3043 319 3097 εἰσι
336 3045 432 3099 Vatv.
488 3043 555 3099 ὥστε
575 3042 656 3117 εἶσῖν]
676 3063 729 3100 om.
744 3045 896 3117 VVat.¹m‚
915 3044 964 3102 καί
981 3047 1078 3102 Vatv.
1106 3106 1110 3111 ,

104 3114 166 3185 ΒΖ]
187 3118 238 3167 ΒΖ
256 3113 311 3182 ἄρα
330 3115 451 3170 Vat.¹m.
524 3125 579 3171 τῶν
600 3121 657 3185 ZA,
675 3119 737 3189 AB]
759 3120 834 3170 ΖΑΒ
852 3137 889 3174 m.
963 3124 1003 3172 17.
1023 3127 1078 3172 τῶν

69 3185 347 3255 PA‚AB]PA13m.
405 3186 478 3242 ἐστιν
496 3205 522 3243 v.
578 3187 867 3258 20.A13(pr.)]Am,
923 3185 1026 3259 γωνίας
1041 3207 1078 3244 m.

103 3281 158 3327 τῶν
178 3277 232 3341 ΓΛ,
246 3275 308 3345 ΑΒ]
329 3279 402 3328 ΓΑΒ
421 3294 457 3330 m.
527 3282 568 3330 21.
590 3276 728 3349 φανερόν]
748 3260 808 3346 uae*
828 3278 915 3346 Vara
935 3274 1022 3345 φασίν
1040 3295 1077 3331 m.

103 3345 223 3415 διαχθῇ]
243 3347 344 3418 δειχθῇ
362 3345 570 3401 VatVat¹mv
589 3347 659 3417 (Vt).
743 3354 784 3403 22.
804 3349 962 3416 waudraeus
980 3348 1078 3402 Vatv.

102 3419 145 3469 23.
170 3418 263 3484 μεῖζον
286 3435 311 3472 v.
402 3424 444 3472 24.
468 3425 518 3487 τῆς
538 3423 594 3472 ΓΚ
615 3418 661 3473 ἐπὶ
684 3419 736 3489 τὴν
755 3424 777 3472 Α
784 3423 809 3474 Θ
831 3419 927 3474 Vatv.
1019 3418 1079 3474 ἐπι·

68 3486 209 3557 {sultuna
228 3505 254 3541 v.
321 3494 362 3544 26.
382 3490 446 3562 ΑΛ]
466 3506 534 3544 corr.
554 3505 589 3544 ex
607 3495 659 3545 ΑΔ
677 3490 710 3545 V.
775 3490 851 3560 ὀρθή
868 3508 899 3561 v„
913 3491 1083 3560 eemu.Vat.
