2334 3788
486 161 717 214 crrommcr.
1040 116 1104 224 32⁸7

160 304 204 369 sit
226 310 258 369 A
265 307 298 368 Γ
319 304 485 388 speculum
508 325 701 388 connexum,
730 304 842 369 oculus
870 309 979 370 autem
1002 311 1045 390 Ε,
1072 311 1106 371 et

92 411 174 475 radii
196 416 272 496 EA,
290 414 361 475 ΕΓ
379 411 419 475 ad
438 416 481 495 A,
499 415 528 474 Β
551 409 692 495 refracti,
715 415 780 475 ΖΕ
801 415 909 476 autern
928 413 1104 478 secundum

480 540 514 581 se
541 517 650 600 ipsum
677 518 717 581 ad
745 521 777 581 E
801 518 1006 604 refringatur.
1057 541 1106 582 ra·

480 624 607 688 dicrum
646 623 749 708 igitur
789 624 921 689 maximi
963 625 1104 710 longitu-

388 799 390 803 ,
480 729 553 793 dine
590 732 681 812 sunt,
721 730 777 813 qui
813 731 952 795 maxime
987 732 1105 796 remoti

480 839 572 920 sunt,
608 835 734 900 minimi
771 841 880 900 autem
916 835 1032 921 medii,
1067 841 1104 901 ut

479 947 554 1006 EZ.
604 963 704 1025 quare
736 946 768 1006 Ε
802 942 933 1026 speculo
969 942 1103 1027 propius

480 1049 630 1132 adparet,
670 1048 889 1113 remotissima
928 1052 1036 1113 autem
1075 1054 1104 1113 Β

247 1237 248 1242 ¹
481 1160 513 1219 et
536 1160 578 1218 A.
616 1156 692 1240 ergo
716 1158 824 1220 totum
848 1177 1028 1220 connexum
1052 1157 1105 1221 ad-

220 1274 256 1326 Ε
386 1254 424 1310 Β
480 1265 580 1345 paret.

570 1494 623 1556 24.

157 1610 196 1676 In
224 1615 363 1699 speculis
392 1616 542 1681 concauis
572 1616 600 1680 si
627 1615 662 1679 in
690 1620 801 1681 centro
827 1616 937 1681 oculus
960 1619 1104 1705 ponitur,

482 1723 552 1807 ipse
577 1722 688 1786 oculus
712 1722 801 1786 solus
826 1723 968 1806 adparet.

545 1828 589 1892 sit
608 1833 640 1892 A
646 1831 706 1892 ΓΛ
729 1828 895 1912 speculum
914 1852 1102 1916 concauum,

484 1940 629 1999 centrum
657 1940 766 1999 autem
794 1934 862 1999 eius
887 1940 929 2021 Β,
959 1940 992 2001 et
1018 1937 1102 2000 radii

483 2044 558 2124 BA,
581 2043 653 2125 ΒΓ,
676 2045 746 2104 BA.
793 2041 904 2124 itaque
927 2047 1100 2117 LB=Z.

483 2145 591 2209 radius
613 2145 718 2231 igitur
740 2150 809 2211 ΒΓ
825 2147 983 2213 refractus
1008 2149 1048 2213 ad
1072 2151 1100 2212 B

482 2252 591 2315 ueniet
628 2252 736 2337 [prop.
769 2251 818 2336 2].
882 2257 915 2317 et
950 2254 1101 2318 similiter

88 2354 188 2420 etiarn
210 2357 335 2441 reliqui.
381 2379 458 2444 ergo
481 2358 589 2442 ipsum
612 2363 640 2422 Β
665 2359 771 2423 solum
794 2359 943 2424 cernitur.

567 2592 619 2655 25.
713 2587 714 2590 '

155 2707 194 2772 In
217 2713 356 2794 speculis
380 2715 531 2779 concauis
555 2714 584 2779 si
606 2714 642 2778 in
664 2713 790 2778 ambitu
812 2713 865 2778 uel
889 2719 980 2779 extra
999 2714 1099 2779 ambi-

88 2819 159 2879 tum
183 2816 295 2881 oculus
318 2819 465 2905 ponitur,
488 2821 600 2885 oculus
624 2842 691 2884 non
714 2821 855 2902 adparet.

155 2921 198 2985 sit
216 2925 315 2987 ΑΓΒ
338 2926 505 3007 speculum
528 2949 716 3010 concauum,
738 2929 770 2989 et
794 2925 905 2990 oculus
925 2931 954 2990 Β
976 2926 1012 2989 in
1033 2949 1099 2991 arn-

86 3028 159 3093 bitu
182 3029 252 3094 eius
275 3034 427 3114 ponatur,
455 3031 537 3095 radii
561 3036 670 3096 autem
693 3031 843 3096 adcidant
865 3034 942 3114 BA,
961 3034 1028 3095 ΒΓ
1050 3054 1098 3096 re-

85 3134 342 3221 fringanturque.
387 3135 497 3219 itaque
521 3143 541 3211 L
556 3141 600 3200 M
612 3142 649 3216 -Ι-
669 3141 744 3209 B>
759 3139 805 3220 K,
828 3141 895 3210 LE
909 3142 947 3215 -Ι-
965 3142 996 3201 A
1009 3149 1043 3210 >
1060 3143 1096 3203 Z.
1124 3163 1127 3167 ·

86 3265 184 3326 quare
208 3241 290 3306 radii
314 3246 387 3325 BA,
407 3245 474 3306 ΒΓ
497 3243 537 3307 ad
562 3244 691 3308 oculum
715 3247 743 3306 Β
770 3264 837 3306 ncn
864 3242 1096 3331 refringantur,

936 3371 1096 3380 ———

84 3440 155 3506 τεθῇ
174 3437 210 3491 Μ.
284 3435 315 3490 τὸ
335 3434 409 3504 ὄμμα
425 3436 507 3508 (alep
526 3435 617 3505 τόμμα
635 3437 669 3491 V.
753 3441 796 3492 20.
815 3435 908 3506 APB]
926 3440 1010 3490 ΑΒΓ
1023 3437 1100 3490 Mm.

121 3512 162 3562 21.
182 3507 226 3579 τό]
246 3507 294 3564 καὶ
314 3505 381 3560 ἔστω
399 3506 430 3561 τό
449 3525 485 3563 m.
563 3513 609 3564 22.
629 3509 722 3578 μεῖζον
739 3525 771 3562 r.
840 3505 990 3572 ‘ABMX
1005 3506 1124 3553 naim.

1142 3626 1153 3681 ¹¹.
