2334 3788
108 123 152 189 28
450 127 620 180 οοοοωω
639 128 777 181 οοωοε.

108 269 128 352 ἡ
153 272 214 335 ΓΛ
237 270 472 354 συμβάλλουσα
495 281 541 359 τῷ
564 270 681 356 πέρατι
704 279 764 335 τοῦ
787 274 853 336 AB
881 267 1044 354 μεγέθους
1066 268 1122 334 καί

109 377 239 460 διήχθω
267 375 362 463 μέχρι
389 387 449 442 τοῦ
472 384 506 443 Λ
529 380 681 463 ὄμματος.
731 380 814 442 ἔστω
843 374 880 440 δὲ
907 375 983 440 σκιὰ
1010 375 1030 458 ἡ
1054 380 1120 440 ΔΒ

109 491 168 546 τοῦ
205 489 238 547 Α
246 487 284 547 Β.
344 483 399 548 καί
435 488 560 550 κείσθω

109 587 222 673 ἕτερόν
236 614 268 654 τι
291 588 432 674 μέγεθος
445 593 482 655 τὸ
497 596 562 655 ΕΖ
607 551 645 612 Γ

74 705 89 754 5
109 695 301 779 συμβάλλον
323 704 362 780 τῇ
387 696 495 761 ἀκτῖνι
517 699 562 780 μὴ

108 801 239 877 πάντως
278 806 563 887 καταυγαζόμενον

108 906 284 991 ὑπἀὐτῆς
302 910 439 975 κατὰτὸ
460 914 487 973 Ζ
508 907 562 974 κε’-

109 1039 177 1100 ροις.
232 1016 393 1101 ἥρμοσται
426 1011 488 1081 οὖν
516 1018 563 1090 είς

108 1123 145 1186 τὸ
173 1118 274 1186 Α’ΒΔ
305 1125 470 1208 τρίγωνον
497 1121 562 1187 ἕτε-

56 1235 89 1285 10
109 1229 170 1313 ρόν
203 1250 235 1291 τι
266 1231 431 1312 τρίγωνον
462 1229 499 1292 τὸ
527 1233 639 1293 ΕΖΔ.
694 1231 784 1292 ἔστιν
815 1230 896 1314 ἄρα,
930 1228 974 1304 ὡς
1005 1229 1026 1313 ἡ
1054 1232 1125 1292 ΔΕ

107 1335 191 1418 πρὸς
222 1335 283 1417 τὴν
315 1339 394 1417 ΖΕ,
426 1334 532 1411 οὕτως
563 1335 584 1418 ἡ
616 1339 683 1399 ΑΒ
715 1336 798 1420 πρὸς
830 1336 891 1419 τὴν
920 1339 991 1399 ΒΑ.
1046 1332 1120 1399 ἀλλ’

42 1444 79 1487 '⁸2
108 1440 126 1505 ὁ
154 1449 211 1523 τῆς
234 1444 304 1504 ΔΕ
328 1442 412 1526 πρὸς
438 1442 500 1525 τὴν
526 1446 590 1506 ΕΖ
618 1445 716 1523 λόγος
748 1440 817 1506 ἐστὶ
848 1442 1030 1526 γνώριμος·
1066 1438 1121 1505 καὶ

108 1546 126 1611 ὁ
153 1555 212 1629 τῆς
238 1551 305 1610 ΔΒ
337 1549 401 1632 ἄρα
428 1548 511 1633 πρὸς
538 1549 600 1632 τὴν
626 1552 692 1612 ΒΑ
724 1550 822 1629 λόγος
850 1545 919 1612 ἐστὶ
946 1547 1122 1631 γνώριμος.

109 1653 279 1739 γνώριμον
302 1650 339 1717 δὲ
362 1654 398 1718 τὸ
422 1658 499 1717 ΔΒ.
544 1655 715 1740 γνώριμον
738 1656 803 1739 ἄρα
825 1652 881 1718 καὶ
904 1655 940 1718 τὸ
964 1657 1041 1718 ΑΒ.

55 1837 88 1886 15
109 1869 132 1898 τ·
585 1830 645 1896 ιθ’.

175 1955 234 2038 Μὴ
257 1954 465 2039 ὑπαρχοντος
487 1954 583 2038 ἡλίου
607 1957 644 2019 τὸ
668 1952 772 2020 δοθὲν
795 1955 881 2032 ὕψος
899 1967 1036 2038 γνῶναι,
1058 1976 1119 2038 πη-

108 2064 203 2126 λίκον
226 2060 324 2125 ἐστίν.

175 2170 256 2231 ε”στω
284 2190 316 2230 τι
345 2165 536 2250 [μεγέθους]
564 2167 650 2244 ὕψος
677 2168 714 2230 τὸ
743 2171 825 2251 AB,
857 2169 944 2251 ὄμμα
972 2164 1009 2231 δὲ
1037 2170 1119 2232 ἔστω

108 2274 145 2338 τὸ
170 2275 212 2355 Γ,
238 2269 294 2336 καί
323 2270 400 2336 δέον
428 2275 510 2336 ἔστω
534 2273 571 2336 τὸ
595 2276 660 2337 ΑΒ
684 2284 824 2356 γνῶναι,
852 2277 993 2356 πηλίκον
1021 2272 1122 2356 ἐστίν,

55 2392 89 2443 20
108 2379 153 2456 ὡς
175 2380 219 2463 μὴ
244 2378 451 2463 ὑπάρχοντος
473 2377 578 2460 ἡλίου.
623 2382 748 2444 κείσθω
771 2379 957 2464 κάτοπτρον
980 2381 1017 2443 τὸ
1041 2384 1120 2461 ΔΖ,

106 2483 162 2549 καὶ
184 2487 483 2571 προσεκβεβλήσθω
507 2495 547 2570 τῇ
569 2489 633 2549 ΕΔ
657 2483 706 2549 ἐπ’
728 2486 861 2561 εὐθείας
883 2485 904 2568 ἡ
923 2489 1001 2569 ΔΒ,
1025 2487 1120 2572 ἄχρις

107 2586 148 2655 οὗ
171 2593 335 2674 συμβαλεῖ
354 2598 400 2677 τῷ
423 2589 540 2677 πέρατι
562 2596 622 2655 τοῦ
646 2595 711 2655 ΑΒ
734 2590 899 2675 μεγέθους
921 2602 966 2680 τῷ
991 2596 1035 2675 Β,
1062 2591 1118 2657 καί

106 2696 336 2782 προσπιπτέτω
369 2694 461 2773 ἀκτὶς
492 2697 556 2762 ἀπὸ
588 2705 648 2762 τοῦ
676 2699 820 2781 ὄμματος
846 2706 906 2762 τοῦ
932 2701 965 2762 Γ
991 2697 1011 2780 ἡ
1042 2702 1119 2782 ΓΗ,

61 2844 73 2880 ς
106 2801 162 2867 καὶ
190 2802 504 2886 ιἰντανακεκλοίσθω,
536 2805 630 2889 ἄχρις
663 2800 703 2868 οὗ
732 2807 895 2889 συμβαλεῖ
924 2815 969 2892 τῷ
1002 2803 1119 2891 πέρατι

55 2923 89 2972 25
108 2919 168 2975 τοῦ
191 2913 257 2974 ΑΒ
280 2908 443 2993 μεγέθους
465 2919 510 2996 τῷ
530 2917 572 2993 A,
596 2908 651 2974 καί
673 2914 973 2997 προσεκβεβλήσθω
997 2920 1036 2996 τῇ
1051 2916 1122 2976 ΔΕ

108 3015 127 3099 ἡ
152 3021 232 3100 ΕΘ,
261 3015 316 3081 καί
343 3017 437 3100 ἤχθω
462 3015 525 3081 ἀπὸ
549 3026 609 3081 τοῦ
634 3019 665 3081 Γ
689 3015 741 3082 ἐπὶ
764 3019 824 3101 τὴν
847 3022 912 3082 ΕΘ
934 3017 1118 3100 κοίθετοςὴ

179 3196 202 3245 λ.
222 3191 295 3244 Ante
314 3187 386 3244 κατά
405 3190 469 3244 add.
489 3189 559 3244 ἄλλοί
577 3209 613 3260 m,
632 3210 668 3245 m.
690 3198 705 3244 2
724 3192 819 3247 vvat.
883 3197 907 3246 8.
926 3190 1062 3261 ἡρμόσθω
1080 3210 1117 3245 m.

144 3267 167 3315 9.
186 3262 274 3332 ΑΒΔ]
295 3277 362 3315 corr.
379 3277 413 3314 ex
426 3265 510 3315 ΑΒΓ
524 3262 556 3316 V.
613 3268 654 3316 10.
674 3265 746 3334 ΔΕ]
766 3270 791 3317 Δ
799 3268 819 3317 Ζ
838 3263 891 3331 Bv,
912 3265 941 3316 et
954 3263 1028 3331 Vah,
1048 3279 1117 3317 corr.

106 3339 182 3388 καλ,
238 3333 445 3403 12.ΔΕ]ΔΖ
463 3333 833 3402 Bv‚etVat.‚corr,m.2.
889 3333 1117 3404 EZ]inras.V,

110 3408 161 3457 ΖΕ
179 3404 303 3457 Bvam.
372 3409 412 3458 14.
432 3403 500 3457 Post
518 3410 568 3458 ΑΒ
588 3405 651 3459 add.
673 3404 794 3474 ιωὲξῆς
811 3405 844 3473 V,
864 3404 1019 3459 m.2Vat.
1076 3410 1118 3458 15.

108 3475 166 3544 ιθ]
185 3475 214 3528 κ’
236 3474 315 3527 codd.
408 3480 448 3528 17.
474 3473 530 3529 ἐστί
552 3494 577 3530 v.
668 3476 740 3530 Dein
764 3477 827 3530 add.
849 3475 911 3546 ἑξῆς
929 3475 964 3545 Β,
994 3476 1044 3530 sed
1063 3475 1119 3531 del.
